%YAML 1.1
%TAG !u! tag:unity3d.com,2011:
--- !u!1 &389982066
GameObject:
  m_ObjectHideFlags: 0
  m_CorrespondingSourceObject: {fileID: 0}
  m_PrefabInstance: {fileID: 0}
  m_PrefabAsset: {fileID: 0}
  serializedVersion: 6
  m_Component:
  - component: {fileID: 389982067}
  - component: {fileID: 389982070}
  - component: {fileID: 389982069}
  - component: {fileID: 389982068}
  m_Layer: 0
  m_Name: Cube (2)
  m_TagString: Untagged
  m_Icon: {fileID: 0}
  m_NavMeshLayer: 0
  m_StaticEditorFlags: 0
  m_IsActive: 1
--- !u!4 &389982067
Transform:
  m_ObjectHideFlags: 0
  m_CorrespondingSourceObject: {fileID: 0}
  m_PrefabInstance: {fileID: 0}
  m_PrefabAsset: {fileID: 0}
  m_GameObject: {fileID: 389982066}
  m_LocalRotation: {x: -0, y: -0, z: -0, w: 1}
  m_LocalPosition: {x: 0.0108, y: 1.1539, z: 3.736}
  m_LocalScale: {x: 1.2496735, y: -0.2169028, z: 0.28788576}
  m_Children: []
  m_Father: {fileID: 2627064558887772241}
  m_RootOrder: 3
  m_LocalEulerAnglesHint: {x: 0, y: 0, z: 0}
--- !u!33 &389982070
MeshFilter:
  m_ObjectHideFlags: 0
  m_CorrespondingSourceObject: {fileID: 0}
  m_PrefabInstance: {fileID: 0}
  m_PrefabAsset: {fileID: 0}
  m_GameObject: {fileID: 389982066}
  m_Mesh: {fileID: 10202, guid: 0000000000000000e000000000000000, type: 0}
--- !u!23 &389982069
MeshRenderer:
  m_ObjectHideFlags: 0
  m_CorrespondingSourceObject: {fileID: 0}
  m_PrefabInstance: {fileID: 0}
  m_PrefabAsset: {fileID: 0}
  m_GameObject: {fileID: 389982066}
  m_Enabled: 1
  m_CastShadows: 1
  m_ReceiveShadows: 1
  m_DynamicOccludee: 1
  m_MotionVectors: 1
  m_LightProbeUsage: 1
  m_ReflectionProbeUsage: 1
  m_RayTracingMode: 2
  m_RayTraceProcedural: 0
  m_RenderingLayerMask: 1
  m_RendererPriority: 0
  m_Materials:
  - {fileID: 2100000, guid: 1fe566623c455814da7125fe3d12e214, type: 2}
  m_StaticBatchInfo:
    firstSubMesh: 0
    subMeshCount: 0
  m_StaticBatchRoot: {fileID: 0}
  m_ProbeAnchor: {fileID: 0}
  m_LightProbeVolumeOverride: {fileID: 0}
  m_ScaleInLightmap: 1
  m_ReceiveGI: 1
  m_PreserveUVs: 0
  m_IgnoreNormalsForChartDetection: 0
  m_ImportantGI: 0
  m_StitchLightmapSeams: 1
  m_SelectedEditorRenderState: 3
  m_MinimumChartSize: 4
  m_AutoUVMaxDistance: 0.5
  m_AutoUVMaxAngle: 89
  m_LightmapParameters: {fileID: 0}
  m_SortingLayerID: 0
  m_SortingLayer: 0
  m_SortingOrder: 0
  m_AdditionalVertexStreams: {fileID: 0}
--- !u!65 &389982068
BoxCollider:
  m_ObjectHideFlags: 0
  m_CorrespondingSourceObject: {fileID: 0}
  m_PrefabInstance: {fileID: 0}
  m_PrefabAsset: {fileID: 0}
  m_GameObject: {fileID: 389982066}
  m_Material: {fileID: 0}
  m_IsTrigger: 0
  m_Enabled: 1
  serializedVersion: 2
  m_Size: {x: 1, y: 1, z: 1}
  m_Center: {x: 0, y: 0, z: 0}
--- !u!1 &1194050992
GameObject:
  m_ObjectHideFlags: 0
  m_CorrespondingSourceObject: {fileID: 0}
  m_PrefabInstance: {fileID: 0}
  m_PrefabAsset: {fileID: 0}
  serializedVersion: 6
  m_Component:
  - component: {fileID: 1194050993}
  - component: {fileID: 1194050996}
  - component: {fileID: 1194050995}
  - component: {fileID: 1194050994}
  m_Layer: 0
  m_Name: Cube
  m_TagString: Untagged
  m_Icon: {fileID: 0}
  m_NavMeshLayer: 0
  m_StaticEditorFlags: 0
  m_IsActive: 1
--- !u!4 &1194050993
Transform:
  m_ObjectHideFlags: 0
  m_CorrespondingSourceObject: {fileID: 0}
  m_PrefabInstance: {fileID: 0}
  m_PrefabAsset: {fileID: 0}
  m_GameObject: {fileID: 1194050992}
  m_LocalRotation: {x: -0, y: -0, z: -0, w: 1}
  m_LocalPosition: {x: 0.49164963, y: 0.17851306, z: 3.736}
  m_LocalScale: {x: 0.28788576, y: 1.7338519, z: 0.28788576}
  m_Children: []
  m_Father: {fileID: 2627064558887772241}
  m_RootOrder: 1
  m_LocalEulerAnglesHint: {x: 0, y: 0, z: 0}
--- !u!33 &1194050996
MeshFilter:
  m_ObjectHideFlags: 0
  m_CorrespondingSourceObject: {fileID: 0}
  m_PrefabInstance: {fileID: 0}
  m_PrefabAsset: {fileID: 0}
  m_GameObject: {fileID: 1194050992}
  m_Mesh: {fileID: 10202, guid: 0000000000000000e000000000000000, type: 0}
--- !u!23 &1194050995
MeshRenderer:
  m_ObjectHideFlags: 0
  m_CorrespondingSourceObject: {fileID: 0}
  m_PrefabInstance: {fileID: 0}
  m_PrefabAsset: {fileID: 0}
  m_GameObject: {fileID: 1194050992}
  m_Enabled: 1
  m_CastShadows: 1
  m_ReceiveShadows: 1
  m_DynamicOccludee: 1
  m_MotionVectors: 1
  m_LightProbeUsage: 1
  m_ReflectionProbeUsage: 1
  m_RayTracingMode: 2
  m_RayTraceProcedural: 0
  m_RenderingLayerMask: 1
  m_RendererPriority: 0
  m_Materials:
  - {fileID: 2100000, guid: 1fe566623c455814da7125fe3d12e214, type: 2}
  m_StaticBatchInfo:
    firstSubMesh: 0
    subMeshCount: 0
  m_StaticBatchRoot: {fileID: 0}
  m_ProbeAnchor: {fileID: 0}
  m_LightProbeVolumeOverride: {fileID: 0}
  m_ScaleInLightmap: 1
  m_ReceiveGI: 1
  m_PreserveUVs: 0
  m_IgnoreNormalsForChartDetection: 0
  m_ImportantGI: 0
  m_StitchLightmapSeams: 1
  m_SelectedEditorRenderState: 3
  m_MinimumChartSize: 4
  m_AutoUVMaxDistance: 0.5
  m_AutoUVMaxAngle: 89
  m_LightmapParameters: {fileID: 0}
  m_SortingLayerID: 0
  m_SortingLayer: 0
  m_SortingOrder: 0
  m_AdditionalVertexStreams: {fileID: 0}
--- !u!65 &1194050994
BoxCollider:
  m_ObjectHideFlags: 0
  m_CorrespondingSourceObject: {fileID: 0}
  m_PrefabInstance: {fileID: 0}
  m_PrefabAsset: {fileID: 0}
  m_GameObject: {fileID: 1194050992}
  m_Material: {fileID: 0}
  m_IsTrigger: 0
  m_Enabled: 1
  serializedVersion: 2
  m_Size: {x: 1, y: 1, z: 1}
  m_Center: {x: 0, y: 0, z: 0}
--- !u!1 &1812873079
GameObject:
  m_ObjectHideFlags: 0
  m_CorrespondingSourceObject: {fileID: 0}
  m_PrefabInstance: {fileID: 0}
  m_PrefabAsset: {fileID: 0}
  serializedVersion: 6
  m_Component:
  - component: {fileID: 1812873080}
  - component: {fileID: 1812873083}
  - component: {fileID: 1812873082}
  - component: {fileID: 1812873081}
  m_Layer: 0
  m_Name: Cube (1)
  m_TagString: Untagged
  m_Icon: {fileID: 0}
  m_NavMeshLayer: 0
  m_StaticEditorFlags: 0
  m_IsActive: 1
--- !u!4 &1812873080
Transform:
  m_ObjectHideFlags: 0
  m_CorrespondingSourceObject: {fileID: 0}
  m_PrefabInstance: {fileID: 0}
  m_PrefabAsset: {fileID: 0}
  m_GameObject: {fileID: 1812873079}
  m_LocalRotation: {x: -0, y: -0, z: -0, w: 1}
  m_LocalPosition: {x: -0.47, y: 0.17851306, z: 3.736}
  m_LocalScale: {x: 0.28788576, y: 1.7338519, z: 0.28788576}
  m_Children: []
  m_Father: {fileID: 2627064558887772241}
  m_RootOrder: 2
  m_LocalEulerAnglesHint: {x: 0, y: 0, z: 0}
--- !u!33 &1812873083
MeshFilter:
  m_ObjectHideFlags: 0
  m_CorrespondingSourceObject: {fileID: 0}
  m_PrefabInstance: {fileID: 0}
  m_PrefabAsset: {fileID: 0}
  m_GameObject: {fileID: 1812873079}
  m_Mesh: {fileID: 10202, guid: 0000000000000000e000000000000000, type: 0}
--- !u!23 &1812873082
MeshRenderer:
  m_ObjectHideFlags: 0
  m_CorrespondingSourceObject: {fileID: 0}
  m_PrefabInstance: {fileID: 0}
  m_PrefabAsset: {fileID: 0}
  m_GameObject: {fileID: 1812873079}
  m_Enabled: 1
  m_CastShadows: 1
  m_ReceiveShadows: 1
  m_DynamicOccludee: 1
  m_MotionVectors: 1
  m_LightProbeUsage: 1
  m_ReflectionProbeUsage: 1
  m_RayTracingMode: 2
  m_RayTraceProcedural: 0
  m_RenderingLayerMask: 1
  m_RendererPriority: 0
  m_Materials:
  - {fileID: 2100000, guid: 1fe566623c455814da7125fe3d12e214, type: 2}
  m_StaticBatchInfo:
    firstSubMesh: 0
    subMeshCount: 0
  m_StaticBatchRoot: {fileID: 0}
  m_ProbeAnchor: {fileID: 0}
  m_LightProbeVolumeOverride: {fileID: 0}
  m_ScaleInLightmap: 1
  m_ReceiveGI: 1
  m_PreserveUVs: 0
  m_IgnoreNormalsForChartDetection: 0
  m_ImportantGI: 0
  m_StitchLightmapSeams: 1
  m_SelectedEditorRenderState: 3
  m_MinimumChartSize: 4
  m_AutoUVMaxDistance: 0.5
  m_AutoUVMaxAngle: 89
  m_LightmapParameters: {fileID: 0}
  m_SortingLayerID: 0
  m_SortingLayer: 0
  m_SortingOrder: 0
  m_AdditionalVertexStreams: {fileID: 0}
--- !u!65 &1812873081
BoxCollider:
  m_ObjectHideFlags: 0
  m_CorrespondingSourceObject: {fileID: 0}
  m_PrefabInstance: {fileID: 0}
  m_PrefabAsset: {fileID: 0}
  m_GameObject: {fileID: 1812873079}
  m_Material: {fileID: 0}
  m_IsTrigger: 0
  m_Enabled: 1
  serializedVersion: 2
  m_Size: {x: 1, y: 1, z: 1}
  m_Center: {x: 0, y: 0, z: 0}
--- !u!1 &1755961399875194518
GameObject:
  m_ObjectHideFlags: 0
  m_CorrespondingSourceObject: {fileID: 0}
  m_PrefabInstance: {fileID: 0}
  m_PrefabAsset: {fileID: 0}
  serializedVersion: 6
  m_Component:
  - component: {fileID: 6506773006984010643}
  - component: {fileID: 4051056807915808859}
  - component: {fileID: 3445273458671418078}
  - component: {fileID: 793961413282790329}
  m_Layer: 12
  m_Name: Cube (3)
  m_TagString: Untagged
  m_Icon: {fileID: 0}
  m_NavMeshLayer: 0
  m_StaticEditorFlags: 0
  m_IsActive: 1
--- !u!4 &6506773006984010643
Transform:
  m_ObjectHideFlags: 0
  m_CorrespondingSourceObject: {fileID: 0}
  m_PrefabInstance: {fileID: 0}
  m_PrefabAsset: {fileID: 0}
  m_GameObject: {fileID: 1755961399875194518}
  m_LocalRotation: {x: 0, y: 0, z: 0, w: 1}
  m_LocalPosition: {x: 0, y: -0.25, z: 12}
  m_LocalScale: {x: 2, y: 0.5, z: 16}
  m_Children: []
  m_Father: {fileID: 180686423333578029}
  m_RootOrder: 2
  m_LocalEulerAnglesHint: {x: 0, y: 0, z: 0}
--- !u!33 &4051056807915808859
MeshFilter:
  m_ObjectHideFlags: 0
  m_CorrespondingSourceObject: {fileID: 0}
  m_PrefabInstance: {fileID: 0}
  m_PrefabAsset: {fileID: 0}
  m_GameObject: {fileID: 1755961399875194518}
  m_Mesh: {fileID: 10202, guid: 0000000000000000e000000000000000, type: 0}
--- !u!23 &3445273458671418078
MeshRenderer:
  m_ObjectHideFlags: 0
  m_CorrespondingSourceObject: {fileID: 0}
  m_PrefabInstance: {fileID: 0}
  m_PrefabAsset: {fileID: 0}
  m_GameObject: {fileID: 1755961399875194518}
  m_Enabled: 1
  m_CastShadows: 1
  m_ReceiveShadows: 1
  m_DynamicOccludee: 1
  m_MotionVectors: 1
  m_LightProbeUsage: 1
  m_ReflectionProbeUsage: 1
  m_RayTracingMode: 2
  m_RayTraceProcedural: 0
  m_RenderingLayerMask: 1
  m_RendererPriority: 0
  m_Materials:
  - {fileID: 2100000, guid: 1fe566623c455814da7125fe3d12e214, type: 2}
  m_StaticBatchInfo:
    firstSubMesh: 0
    subMeshCount: 0
  m_StaticBatchRoot: {fileID: 0}
  m_ProbeAnchor: {fileID: 0}
  m_LightProbeVolumeOverride: {fileID: 0}
  m_ScaleInLightmap: 1
  m_ReceiveGI: 1
  m_PreserveUVs: 0
  m_IgnoreNormalsForChartDetection: 0
  m_ImportantGI: 0
  m_StitchLightmapSeams: 1
  m_SelectedEditorRenderState: 3
  m_MinimumChartSize: 4
  m_AutoUVMaxDistance: 0.5
  m_AutoUVMaxAngle: 89
  m_LightmapParameters: {fileID: 0}
  m_SortingLayerID: 0
  m_SortingLayer: 0
  m_SortingOrder: 0
  m_AdditionalVertexStreams: {fileID: 0}
--- !u!65 &793961413282790329
BoxCollider:
  m_ObjectHideFlags: 0
  m_CorrespondingSourceObject: {fileID: 0}
  m_PrefabInstance: {fileID: 0}
  m_PrefabAsset: {fileID: 0}
  m_GameObject: {fileID: 1755961399875194518}
  m_Material: {fileID: 0}
  m_IsTrigger: 0
  m_Enabled: 1
  serializedVersion: 2
  m_Size: {x: 1, y: 1, z: 1}
  m_Center: {x: 0, y: 0, z: 0}
--- !u!1 &2307557180310874629
GameObject:
  m_ObjectHideFlags: 0
  m_CorrespondingSourceObject: {fileID: 0}
  m_PrefabInstance: {fileID: 0}
  m_PrefabAsset: {fileID: 0}
  serializedVersion: 6
  m_Component:
  - component: {fileID: 5378130777452178815}
  - component: {fileID: 112429887886960789}
  - component: {fileID: 8392389419837096018}
  - component: {fileID: 1199513323330495106}
  m_Layer: 12
  m_Name: Cube (3)
  m_TagString: Untagged
  m_Icon: {fileID: 0}
  m_NavMeshLayer: 0
  m_StaticEditorFlags: 0
  m_IsActive: 1
--- !u!4 &5378130777452178815
Transform:
  m_ObjectHideFlags: 0
  m_CorrespondingSourceObject: {fileID: 0}
  m_PrefabInstance: {fileID: 0}
  m_PrefabAsset: {fileID: 0}
  m_GameObject: {fileID: 2307557180310874629}
  m_LocalRotation: {x: 0, y: 0, z: 0, w: 1}
  m_LocalPosition: {x: 0, y: -0.25, z: 12}
  m_LocalScale: {x: 2, y: 0.5, z: 16}
  m_Children: []
  m_Father: {fileID: 1180776041619038091}
  m_RootOrder: 2
  m_LocalEulerAnglesHint: {x: 0, y: 0, z: 0}
--- !u!33 &112429887886960789
MeshFilter:
  m_ObjectHideFlags: 0
  m_CorrespondingSourceObject: {fileID: 0}
  m_PrefabInstance: {fileID: 0}
  m_PrefabAsset: {fileID: 0}
  m_GameObject: {fileID: 2307557180310874629}
  m_Mesh: {fileID: 10202, guid: 0000000000000000e000000000000000, type: 0}
--- !u!23 &8392389419837096018
MeshRenderer:
  m_ObjectHideFlags: 0
  m_CorrespondingSourceObject: {fileID: 0}
  m_PrefabInstance: {fileID: 0}
  m_PrefabAsset: {fileID: 0}
  m_GameObject: {fileID: 2307557180310874629}
  m_Enabled: 1
  m_CastShadows: 1
  m_ReceiveShadows: 1
  m_DynamicOccludee: 1
  m_MotionVectors: 1
  m_LightProbeUsage: 1
  m_ReflectionProbeUsage: 1
  m_RayTracingMode: 2
  m_RayTraceProcedural: 0
  m_RenderingLayerMask: 1
  m_RendererPriority: 0
  m_Materials:
  - {fileID: 2100000, guid: 1fe566623c455814da7125fe3d12e214, type: 2}
  m_StaticBatchInfo:
    firstSubMesh: 0
    subMeshCount: 0
  m_StaticBatchRoot: {fileID: 0}
  m_ProbeAnchor: {fileID: 0}
  m_LightProbeVolumeOverride: {fileID: 0}
  m_ScaleInLightmap: 1
  m_ReceiveGI: 1
  m_PreserveUVs: 0
  m_IgnoreNormalsForChartDetection: 0
  m_ImportantGI: 0
  m_StitchLightmapSeams: 1
  m_SelectedEditorRenderState: 3
  m_MinimumChartSize: 4
  m_AutoUVMaxDistance: 0.5
  m_AutoUVMaxAngle: 89
  m_LightmapParameters: {fileID: 0}
  m_SortingLayerID: 0
  m_SortingLayer: 0
  m_SortingOrder: 0
  m_AdditionalVertexStreams: {fileID: 0}
--- !u!65 &1199513323330495106
BoxCollider:
  m_ObjectHideFlags: 0
  m_CorrespondingSourceObject: {fileID: 0}
  m_PrefabInstance: {fileID: 0}
  m_PrefabAsset: {fileID: 0}
  m_GameObject: {fileID: 2307557180310874629}
  m_Material: {fileID: 0}
  m_IsTrigger: 0
  m_Enabled: 1
  serializedVersion: 2
  m_Size: {x: 1, y: 1, z: 1}
  m_Center: {x: 0, y: 0, z: 0}
--- !u!1 &2550628907075114269
GameObject:
  m_ObjectHideFlags: 0
  m_CorrespondingSourceObject: {fileID: 0}
  m_PrefabInstance: {fileID: 0}
  m_PrefabAsset: {fileID: 0}
  serializedVersion: 6
  m_Component:
  - component: {fileID: 3264612850603016216}
  m_Layer: 0
  m_Name: WallContainer
  m_TagString: Untagged
  m_Icon: {fileID: 0}
  m_NavMeshLayer: 0
  m_StaticEditorFlags: 0
  m_IsActive: 1
--- !u!4 &3264612850603016216
Transform:
  m_ObjectHideFlags: 0
  m_CorrespondingSourceObject: {fileID: 0}
  m_PrefabInstance: {fileID: 0}
  m_PrefabAsset: {fileID: 0}
  m_GameObject: {fileID: 2550628907075114269}
  m_LocalRotation: {x: -0, y: -0, z: -0, w: 1}
  m_LocalPosition: {x: 0, y: 0, z: 0}
  m_LocalScale: {x: 1, y: 1, z: 1}
  m_Children:
  - {fileID: 4864479489023270074}
  - {fileID: 180686423333578029}
  - {fileID: 1180776041619038091}
  - {fileID: 2356738164292437049}
  m_Father: {fileID: 4049691118500302433}
  m_RootOrder: 0
  m_LocalEulerAnglesHint: {x: 0, y: 0, z: 0}
--- !u!1 &3347939765482321902
GameObject:
  m_ObjectHideFlags: 0
  m_CorrespondingSourceObject: {fileID: 0}
  m_PrefabInstance: {fileID: 0}
  m_PrefabAsset: {fileID: 0}
  serializedVersion: 6
  m_Component:
  - component: {fileID: 5019556040502977529}
  m_Layer: 0
  m_Name: --- Environment
  m_TagString: Untagged
  m_Icon: {fileID: 0}
  m_NavMeshLayer: 0
  m_StaticEditorFlags: 0
  m_IsActive: 1
--- !u!4 &5019556040502977529
Transform:
  m_ObjectHideFlags: 0
  m_CorrespondingSourceObject: {fileID: 0}
  m_PrefabInstance: {fileID: 0}
  m_PrefabAsset: {fileID: 0}
  m_GameObject: {fileID: 3347939765482321902}
  m_LocalRotation: {x: -0, y: -0, z: -0, w: 1}
  m_LocalPosition: {x: 0, y: 0, z: 0}
  m_LocalScale: {x: 1, y: 1, z: 1}
  m_Children:
  - {fileID: 3196005194548589414}
  - {fileID: 3196005194298964132}
  - {fileID: 3196005194326410608}
  - {fileID: 3196005194657457865}
  - {fileID: 3196005196115677203}
  - {fileID: 3196005194678131114}
  - {fileID: 3196005196310965954}
  - {fileID: 8102820243505681050}
  m_Father: {fileID: 4049691119676063963}
  m_RootOrder: 1
  m_LocalEulerAnglesHint: {x: 0, y: 0, z: 0}
--- !u!1 &4047842656731696124
GameObject:
  m_ObjectHideFlags: 0
  m_CorrespondingSourceObject: {fileID: 0}
  m_PrefabInstance: {fileID: 0}
  m_PrefabAsset: {fileID: 0}
  serializedVersion: 6
  m_Component:
  - component: {fileID: 3054528280461970761}
  - component: {fileID: 5168973881007399995}
  - component: {fileID: 759682480960410476}
  - component: {fileID: 1948370313223711004}
  m_Layer: 12
  m_Name: Cube (1)
  m_TagString: Untagged
  m_Icon: {fileID: 0}
  m_NavMeshLayer: 0
  m_StaticEditorFlags: 0
  m_IsActive: 1
--- !u!4 &3054528280461970761
Transform:
  m_ObjectHideFlags: 0
  m_CorrespondingSourceObject: {fileID: 0}
  m_PrefabInstance: {fileID: 0}
  m_PrefabAsset: {fileID: 0}
  m_GameObject: {fileID: 4047842656731696124}
  m_LocalRotation: {x: 0, y: 0, z: 0, w: 1}
  m_LocalPosition: {x: 3, y: -0.25, z: 10}
  m_LocalScale: {x: 4, y: 0.5, z: 20}
  m_Children: []
  m_Father: {fileID: 1180776041619038091}
  m_RootOrder: 0
  m_LocalEulerAnglesHint: {x: 0, y: 0, z: 0}
--- !u!33 &5168973881007399995
MeshFilter:
  m_ObjectHideFlags: 0
  m_CorrespondingSourceObject: {fileID: 0}
  m_PrefabInstance: {fileID: 0}
  m_PrefabAsset: {fileID: 0}
  m_GameObject: {fileID: 4047842656731696124}
  m_Mesh: {fileID: 10202, guid: 0000000000000000e000000000000000, type: 0}
--- !u!23 &759682480960410476
MeshRenderer:
  m_ObjectHideFlags: 0
  m_CorrespondingSourceObject: {fileID: 0}
  m_PrefabInstance: {fileID: 0}
  m_PrefabAsset: {fileID: 0}
  m_GameObject: {fileID: 4047842656731696124}
  m_Enabled: 1
  m_CastShadows: 1
  m_ReceiveShadows: 1
  m_DynamicOccludee: 1
  m_MotionVectors: 1
  m_LightProbeUsage: 1
  m_ReflectionProbeUsage: 1
  m_RayTracingMode: 2
  m_RayTraceProcedural: 0
  m_RenderingLayerMask: 1
  m_RendererPriority: 0
  m_Materials:
  - {fileID: 2100000, guid: 1fe566623c455814da7125fe3d12e214, type: 2}
  m_StaticBatchInfo:
    firstSubMesh: 0
    subMeshCount: 0
  m_StaticBatchRoot: {fileID: 0}
  m_ProbeAnchor: {fileID: 0}
  m_LightProbeVolumeOverride: {fileID: 0}
  m_ScaleInLightmap: 1
  m_ReceiveGI: 1
  m_PreserveUVs: 0
  m_IgnoreNormalsForChartDetection: 0
  m_ImportantGI: 0
  m_StitchLightmapSeams: 1
  m_SelectedEditorRenderState: 3
  m_MinimumChartSize: 4
  m_AutoUVMaxDistance: 0.5
  m_AutoUVMaxAngle: 89
  m_LightmapParameters: {fileID: 0}
  m_SortingLayerID: 0
  m_SortingLayer: 0
  m_SortingOrder: 0
  m_AdditionalVertexStreams: {fileID: 0}
--- !u!65 &1948370313223711004
BoxCollider:
  m_ObjectHideFlags: 0
  m_CorrespondingSourceObject: {fileID: 0}
  m_PrefabInstance: {fileID: 0}
  m_PrefabAsset: {fileID: 0}
  m_GameObject: {fileID: 4047842656731696124}
  m_Material: {fileID: 0}
  m_IsTrigger: 0
  m_Enabled: 1
  serializedVersion: 2
  m_Size: {x: 1, y: 1, z: 1}
  m_Center: {x: 0, y: 0, z: 0}
--- !u!1 &4049691118500302432
GameObject:
  m_ObjectHideFlags: 0
  m_CorrespondingSourceObject: {fileID: 0}
  m_PrefabInstance: {fileID: 0}
  m_PrefabAsset: {fileID: 0}
  serializedVersion: 6
  m_Component:
  - component: {fileID: 4049691118500302433}
  m_Layer: 0
  m_Name: RoomEssentials
  m_TagString: Untagged
  m_Icon: {fileID: 0}
  m_NavMeshLayer: 0
  m_StaticEditorFlags: 0
  m_IsActive: 1
--- !u!4 &4049691118500302433
Transform:
  m_ObjectHideFlags: 0
  m_CorrespondingSourceObject: {fileID: 0}
  m_PrefabInstance: {fileID: 0}
  m_PrefabAsset: {fileID: 0}
  m_GameObject: {fileID: 4049691118500302432}
  m_LocalRotation: {x: 0, y: 0, z: 0, w: 1}
  m_LocalPosition: {x: 0, y: 0, z: 0}
  m_LocalScale: {x: 1, y: 1, z: 1}
  m_Children:
  - {fileID: 3264612850603016216}
  m_Father: {fileID: 4049691119676063963}
  m_RootOrder: 0
  m_LocalEulerAnglesHint: {x: 0, y: 0, z: 0}
--- !u!1 &4049691119676063972
GameObject:
  m_ObjectHideFlags: 0
  m_CorrespondingSourceObject: {fileID: 0}
  m_PrefabInstance: {fileID: 0}
  m_PrefabAsset: {fileID: 0}
  serializedVersion: 6
  m_Component:
  - component: {fileID: 4049691119676063963}
  - component: {fileID: 4219699273414070875}
  - component: {fileID: -3586549768080661099}
  - component: {fileID: 4592851764631340459}
  m_Layer: 0
  m_Name: ChargeStationRoom (1)
  m_TagString: Room
  m_Icon: {fileID: 0}
  m_NavMeshLayer: 0
  m_StaticEditorFlags: 0
  m_IsActive: 1
--- !u!4 &4049691119676063963
Transform:
  m_ObjectHideFlags: 0
  m_CorrespondingSourceObject: {fileID: 0}
  m_PrefabInstance: {fileID: 0}
  m_PrefabAsset: {fileID: 0}
  m_GameObject: {fileID: 4049691119676063972}
  m_LocalRotation: {x: 0, y: 0, z: 0, w: 1}
  m_LocalPosition: {x: 102.31352, y: 82.27879, z: 0.5}
  m_LocalScale: {x: 1, y: 1, z: 1}
  m_Children:
  - {fileID: 4049691118500302433}
  - {fileID: 5019556040502977529}
  - {fileID: 7852777707424574130}
  - {fileID: 3880089013713503411}
  - {fileID: 2726242220294989316}
  - {fileID: 3992994830862962598}
  - {fileID: 5642463021309658268}
  m_Father: {fileID: 0}
  m_RootOrder: 0
  m_LocalEulerAnglesHint: {x: 0, y: 0, z: 0}
--- !u!114 &4219699273414070875
MonoBehaviour:
  m_ObjectHideFlags: 0
  m_CorrespondingSourceObject: {fileID: 0}
  m_PrefabInstance: {fileID: 0}
  m_PrefabAsset: {fileID: 0}
  m_GameObject: {fileID: 4049691119676063972}
  m_Enabled: 1
  m_EditorHideFlags: 0
  m_Script: {fileID: 11500000, guid: 543b3a58afb009f46a2e93adf929ece7, type: 3}
  m_Name: 
  m_EditorClassIdentifier: 
  prefabDoor: {fileID: 2863084849002918478, guid: 6c4ac5962a65ad9438e800f8b28a321b, type: 3}
  prefabWall: {fileID: 8070355573848990568, guid: 86d1e31692ee09548b0d0af61f7da4b3, type: 3}
  ceiling: 0
  leftWall: 1
  rightWall: 1
  floor: 0
--- !u!65 &-3586549768080661099
BoxCollider:
  m_ObjectHideFlags: 0
  m_CorrespondingSourceObject: {fileID: 0}
  m_PrefabInstance: {fileID: 0}
  m_PrefabAsset: {fileID: 0}
  m_GameObject: {fileID: 4049691119676063972}
  m_Material: {fileID: 0}
  m_IsTrigger: 1
  m_Enabled: 1
  serializedVersion: 2
  m_Size: {x: 46.5, y: 26, z: 1}
  m_Center: {x: 0, y: 0, z: 0}
--- !u!114 &4592851764631340459
MonoBehaviour:
  m_ObjectHideFlags: 0
  m_CorrespondingSourceObject: {fileID: 0}
  m_PrefabInstance: {fileID: 0}
  m_PrefabAsset: {fileID: 0}
  m_GameObject: {fileID: 4049691119676063972}
  m_Enabled: 1
  m_EditorHideFlags: 0
  m_Script: {fileID: 11500000, guid: 75e524b782cc6c149a25467e3c97fd2d, type: 3}
  m_Name: 
  m_EditorClassIdentifier: 
  roomSize: {x: 48, y: 27}
--- !u!1 &4562157842918320007
GameObject:
  m_ObjectHideFlags: 0
  m_CorrespondingSourceObject: {fileID: 0}
  m_PrefabInstance: {fileID: 0}
  m_PrefabAsset: {fileID: 0}
  serializedVersion: 6
  m_Component:
  - component: {fileID: 7852777707424574130}
  m_Layer: 0
  m_Name: --- Platforms
  m_TagString: Untagged
  m_Icon: {fileID: 0}
  m_NavMeshLayer: 0
  m_StaticEditorFlags: 0
  m_IsActive: 1
--- !u!4 &7852777707424574130
Transform:
  m_ObjectHideFlags: 0
  m_CorrespondingSourceObject: {fileID: 0}
  m_PrefabInstance: {fileID: 0}
  m_PrefabAsset: {fileID: 0}
  m_GameObject: {fileID: 4562157842918320007}
  m_LocalRotation: {x: -0, y: -0, z: -0, w: 1}
  m_LocalPosition: {x: 0, y: 0, z: 0}
  m_LocalScale: {x: 1, y: 1, z: 1}
  m_Children: []
  m_Father: {fileID: 4049691119676063963}
  m_RootOrder: 2
  m_LocalEulerAnglesHint: {x: 0, y: 0, z: 0}
--- !u!1 &5071209667400593354
GameObject:
  m_ObjectHideFlags: 0
  m_CorrespondingSourceObject: {fileID: 0}
  m_PrefabInstance: {fileID: 0}
  m_PrefabAsset: {fileID: 0}
  serializedVersion: 6
  m_Component:
  - component: {fileID: 6497962967739190301}
  - component: {fileID: 8497385013209692654}
  - component: {fileID: 3547751627160148816}
  - component: {fileID: 8357528647201466270}
  m_Layer: 12
  m_Name: Cube (2)
  m_TagString: Untagged
  m_Icon: {fileID: 0}
  m_NavMeshLayer: 0
  m_StaticEditorFlags: 0
  m_IsActive: 1
--- !u!4 &6497962967739190301
Transform:
  m_ObjectHideFlags: 0
  m_CorrespondingSourceObject: {fileID: 0}
  m_PrefabInstance: {fileID: 0}
  m_PrefabAsset: {fileID: 0}
  m_GameObject: {fileID: 5071209667400593354}
  m_LocalRotation: {x: 0, y: 0, z: 0, w: 1}
  m_LocalPosition: {x: -3, y: -0.25, z: 10}
  m_LocalScale: {x: 4, y: 0.5, z: 20}
  m_Children: []
  m_Father: {fileID: 180686423333578029}
  m_RootOrder: 1
  m_LocalEulerAnglesHint: {x: 0, y: 0, z: 0}
--- !u!33 &8497385013209692654
MeshFilter:
  m_ObjectHideFlags: 0
  m_CorrespondingSourceObject: {fileID: 0}
  m_PrefabInstance: {fileID: 0}
  m_PrefabAsset: {fileID: 0}
  m_GameObject: {fileID: 5071209667400593354}
  m_Mesh: {fileID: 10202, guid: 0000000000000000e000000000000000, type: 0}
--- !u!23 &3547751627160148816
MeshRenderer:
  m_ObjectHideFlags: 0
  m_CorrespondingSourceObject: {fileID: 0}
  m_PrefabInstance: {fileID: 0}
  m_PrefabAsset: {fileID: 0}
  m_GameObject: {fileID: 5071209667400593354}
  m_Enabled: 1
  m_CastShadows: 1
  m_ReceiveShadows: 1
  m_DynamicOccludee: 1
  m_MotionVectors: 1
  m_LightProbeUsage: 1
  m_ReflectionProbeUsage: 1
  m_RayTracingMode: 2
  m_RayTraceProcedural: 0
  m_RenderingLayerMask: 1
  m_RendererPriority: 0
  m_Materials:
  - {fileID: 2100000, guid: 1fe566623c455814da7125fe3d12e214, type: 2}
  m_StaticBatchInfo:
    firstSubMesh: 0
    subMeshCount: 0
  m_StaticBatchRoot: {fileID: 0}
  m_ProbeAnchor: {fileID: 0}
  m_LightProbeVolumeOverride: {fileID: 0}
  m_ScaleInLightmap: 1
  m_ReceiveGI: 1
  m_PreserveUVs: 0
  m_IgnoreNormalsForChartDetection: 0
  m_ImportantGI: 0
  m_StitchLightmapSeams: 1
  m_SelectedEditorRenderState: 3
  m_MinimumChartSize: 4
  m_AutoUVMaxDistance: 0.5
  m_AutoUVMaxAngle: 89
  m_LightmapParameters: {fileID: 0}
  m_SortingLayerID: 0
  m_SortingLayer: 0
  m_SortingOrder: 0
  m_AdditionalVertexStreams: {fileID: 0}
--- !u!65 &8357528647201466270
BoxCollider:
  m_ObjectHideFlags: 0
  m_CorrespondingSourceObject: {fileID: 0}
  m_PrefabInstance: {fileID: 0}
  m_PrefabAsset: {fileID: 0}
  m_GameObject: {fileID: 5071209667400593354}
  m_Material: {fileID: 0}
  m_IsTrigger: 0
  m_Enabled: 1
  serializedVersion: 2
  m_Size: {x: 1, y: 1, z: 1}
  m_Center: {x: 0, y: 0, z: 0}
--- !u!1 &5130512680163796320
GameObject:
  m_ObjectHideFlags: 0
  m_CorrespondingSourceObject: {fileID: 0}
  m_PrefabInstance: {fileID: 0}
  m_PrefabAsset: {fileID: 0}
  serializedVersion: 6
  m_Component:
  - component: {fileID: 6020802335740832247}
  - component: {fileID: 8841015274957800798}
  - component: {fileID: 2881110309934277782}
  - component: {fileID: 1178462201297524992}
  m_Layer: 12
  m_Name: Cube (2)
  m_TagString: Untagged
  m_Icon: {fileID: 0}
  m_NavMeshLayer: 0
  m_StaticEditorFlags: 0
  m_IsActive: 1
--- !u!4 &6020802335740832247
Transform:
  m_ObjectHideFlags: 0
  m_CorrespondingSourceObject: {fileID: 0}
  m_PrefabInstance: {fileID: 0}
  m_PrefabAsset: {fileID: 0}
  m_GameObject: {fileID: 5130512680163796320}
  m_LocalRotation: {x: 0, y: 0, z: 0, w: 1}
  m_LocalPosition: {x: -3, y: -0.25, z: 10}
  m_LocalScale: {x: 4, y: 0.5, z: 20}
  m_Children: []
  m_Father: {fileID: 1180776041619038091}
  m_RootOrder: 1
  m_LocalEulerAnglesHint: {x: 0, y: 0, z: 0}
--- !u!33 &8841015274957800798
MeshFilter:
  m_ObjectHideFlags: 0
  m_CorrespondingSourceObject: {fileID: 0}
  m_PrefabInstance: {fileID: 0}
  m_PrefabAsset: {fileID: 0}
  m_GameObject: {fileID: 5130512680163796320}
  m_Mesh: {fileID: 10202, guid: 0000000000000000e000000000000000, type: 0}
--- !u!23 &2881110309934277782
MeshRenderer:
  m_ObjectHideFlags: 0
  m_CorrespondingSourceObject: {fileID: 0}
  m_PrefabInstance: {fileID: 0}
  m_PrefabAsset: {fileID: 0}
  m_GameObject: {fileID: 5130512680163796320}
  m_Enabled: 1
  m_CastShadows: 1
  m_ReceiveShadows: 1
  m_DynamicOccludee: 1
  m_MotionVectors: 1
  m_LightProbeUsage: 1
  m_ReflectionProbeUsage: 1
  m_RayTracingMode: 2
  m_RayTraceProcedural: 0
  m_RenderingLayerMask: 1
  m_RendererPriority: 0
  m_Materials:
  - {fileID: 2100000, guid: 1fe566623c455814da7125fe3d12e214, type: 2}
  m_StaticBatchInfo:
    firstSubMesh: 0
    subMeshCount: 0
  m_StaticBatchRoot: {fileID: 0}
  m_ProbeAnchor: {fileID: 0}
  m_LightProbeVolumeOverride: {fileID: 0}
  m_ScaleInLightmap: 1
  m_ReceiveGI: 1
  m_PreserveUVs: 0
  m_IgnoreNormalsForChartDetection: 0
  m_ImportantGI: 0
  m_StitchLightmapSeams: 1
  m_SelectedEditorRenderState: 3
  m_MinimumChartSize: 4
  m_AutoUVMaxDistance: 0.5
  m_AutoUVMaxAngle: 89
  m_LightmapParameters: {fileID: 0}
  m_SortingLayerID: 0
  m_SortingLayer: 0
  m_SortingOrder: 0
  m_AdditionalVertexStreams: {fileID: 0}
--- !u!65 &1178462201297524992
BoxCollider:
  m_ObjectHideFlags: 0
  m_CorrespondingSourceObject: {fileID: 0}
  m_PrefabInstance: {fileID: 0}
  m_PrefabAsset: {fileID: 0}
  m_GameObject: {fileID: 5130512680163796320}
  m_Material: {fileID: 0}
  m_IsTrigger: 0
  m_Enabled: 1
  serializedVersion: 2
  m_Size: {x: 1, y: 1, z: 1}
  m_Center: {x: 0, y: 0, z: 0}
--- !u!1 &5156164445464961839
GameObject:
  m_ObjectHideFlags: 0
  m_CorrespondingSourceObject: {fileID: 0}
  m_PrefabInstance: {fileID: 0}
  m_PrefabAsset: {fileID: 0}
  serializedVersion: 6
  m_Component:
  - component: {fileID: 4864479489023270074}
  m_Layer: 12
  m_Name: RoomWall(Clone)
  m_TagString: Untagged
  m_Icon: {fileID: 0}
  m_NavMeshLayer: 0
  m_StaticEditorFlags: 0
  m_IsActive: 1
--- !u!4 &4864479489023270074
Transform:
  m_ObjectHideFlags: 0
  m_CorrespondingSourceObject: {fileID: 0}
  m_PrefabInstance: {fileID: 0}
  m_PrefabAsset: {fileID: 0}
  m_GameObject: {fileID: 5156164445464961839}
  m_LocalRotation: {x: -0, y: -0, z: -0, w: 1}
  m_LocalPosition: {x: 0, y: 13.5, z: 0}
  m_LocalScale: {x: 4.8, y: 1, z: 1}
  m_Children:
  - {fileID: 119388796263115257}
  m_Father: {fileID: 3264612850603016216}
  m_RootOrder: 0
  m_LocalEulerAnglesHint: {x: 0, y: 0, z: 0}
--- !u!1 &5433181177931726022
GameObject:
  m_ObjectHideFlags: 0
  m_CorrespondingSourceObject: {fileID: 0}
  m_PrefabInstance: {fileID: 0}
  m_PrefabAsset: {fileID: 0}
  serializedVersion: 6
  m_Component:
  - component: {fileID: 1180776041619038091}
  m_Layer: 12
  m_Name: RoomDoor(Clone)
  m_TagString: Untagged
  m_Icon: {fileID: 0}
  m_NavMeshLayer: 0
  m_StaticEditorFlags: 0
  m_IsActive: 1
--- !u!4 &1180776041619038091
Transform:
  m_ObjectHideFlags: 0
  m_CorrespondingSourceObject: {fileID: 0}
  m_PrefabInstance: {fileID: 0}
  m_PrefabAsset: {fileID: 0}
  m_GameObject: {fileID: 5433181177931726022}
  m_LocalRotation: {x: -0, y: -0, z: -0.7071068, w: 0.7071068}
  m_LocalPosition: {x: 24, y: 0, z: 0}
  m_LocalScale: {x: 2.7, y: 1, z: 1}
  m_Children:
  - {fileID: 3054528280461970761}
  - {fileID: 6020802335740832247}
  - {fileID: 5378130777452178815}
  m_Father: {fileID: 3264612850603016216}
  m_RootOrder: 2
  m_LocalEulerAnglesHint: {x: 0, y: 0, z: 0}
--- !u!1 &5502033170088484032
GameObject:
  m_ObjectHideFlags: 0
  m_CorrespondingSourceObject: {fileID: 0}
  m_PrefabInstance: {fileID: 0}
  m_PrefabAsset: {fileID: 0}
  serializedVersion: 6
  m_Component:
  - component: {fileID: 3880089013713503411}
  m_Layer: 0
  m_Name: --- Interactables
  m_TagString: Untagged
  m_Icon: {fileID: 0}
  m_NavMeshLayer: 0
  m_StaticEditorFlags: 0
  m_IsActive: 1
--- !u!4 &3880089013713503411
Transform:
  m_ObjectHideFlags: 0
  m_CorrespondingSourceObject: {fileID: 0}
  m_PrefabInstance: {fileID: 0}
  m_PrefabAsset: {fileID: 0}
  m_GameObject: {fileID: 5502033170088484032}
  m_LocalRotation: {x: -0, y: -0, z: -0, w: 1}
  m_LocalPosition: {x: 0, y: 0, z: 0}
  m_LocalScale: {x: 1, y: 1, z: 1}
  m_Children:
  - {fileID: 2627064558887772241}
  - {fileID: 5123679863365266842}
  m_Father: {fileID: 4049691119676063963}
  m_RootOrder: 3
  m_LocalEulerAnglesHint: {x: 0, y: 0, z: 0}
--- !u!1 &5502497251717277671
GameObject:
  m_ObjectHideFlags: 0
  m_CorrespondingSourceObject: {fileID: 0}
  m_PrefabInstance: {fileID: 0}
  m_PrefabAsset: {fileID: 0}
  serializedVersion: 6
  m_Component:
  - component: {fileID: 119388796263115257}
  - component: {fileID: 7888777130251868055}
  - component: {fileID: 2319405513096395160}
  - component: {fileID: 4285749333067808088}
  m_Layer: 12
  m_Name: Cube
  m_TagString: Untagged
  m_Icon: {fileID: 0}
  m_NavMeshLayer: 0
  m_StaticEditorFlags: 0
  m_IsActive: 1
--- !u!4 &119388796263115257
Transform:
  m_ObjectHideFlags: 0
  m_CorrespondingSourceObject: {fileID: 0}
  m_PrefabInstance: {fileID: 0}
  m_PrefabAsset: {fileID: 0}
  m_GameObject: {fileID: 5502497251717277671}
  m_LocalRotation: {x: 0, y: 0, z: 0, w: 1}
  m_LocalPosition: {x: 0, y: -0.25, z: 10}
  m_LocalScale: {x: 10, y: 0.5, z: 20}
  m_Children: []
  m_Father: {fileID: 4864479489023270074}
  m_RootOrder: 0
  m_LocalEulerAnglesHint: {x: 0, y: 0, z: 0}
--- !u!33 &7888777130251868055
MeshFilter:
  m_ObjectHideFlags: 0
  m_CorrespondingSourceObject: {fileID: 0}
  m_PrefabInstance: {fileID: 0}
  m_PrefabAsset: {fileID: 0}
  m_GameObject: {fileID: 5502497251717277671}
  m_Mesh: {fileID: 10202, guid: 0000000000000000e000000000000000, type: 0}
--- !u!23 &2319405513096395160
MeshRenderer:
  m_ObjectHideFlags: 0
  m_CorrespondingSourceObject: {fileID: 0}
  m_PrefabInstance: {fileID: 0}
  m_PrefabAsset: {fileID: 0}
  m_GameObject: {fileID: 5502497251717277671}
  m_Enabled: 1
  m_CastShadows: 1
  m_ReceiveShadows: 1
  m_DynamicOccludee: 1
  m_MotionVectors: 1
  m_LightProbeUsage: 1
  m_ReflectionProbeUsage: 1
  m_RayTracingMode: 2
  m_RayTraceProcedural: 0
  m_RenderingLayerMask: 1
  m_RendererPriority: 0
  m_Materials:
  - {fileID: 2100000, guid: 1fe566623c455814da7125fe3d12e214, type: 2}
  m_StaticBatchInfo:
    firstSubMesh: 0
    subMeshCount: 0
  m_StaticBatchRoot: {fileID: 0}
  m_ProbeAnchor: {fileID: 0}
  m_LightProbeVolumeOverride: {fileID: 0}
  m_ScaleInLightmap: 1
  m_ReceiveGI: 1
  m_PreserveUVs: 0
  m_IgnoreNormalsForChartDetection: 0
  m_ImportantGI: 0
  m_StitchLightmapSeams: 1
  m_SelectedEditorRenderState: 3
  m_MinimumChartSize: 4
  m_AutoUVMaxDistance: 0.5
  m_AutoUVMaxAngle: 89
  m_LightmapParameters: {fileID: 0}
  m_SortingLayerID: 0
  m_SortingLayer: 0
  m_SortingOrder: 0
  m_AdditionalVertexStreams: {fileID: 0}
--- !u!65 &4285749333067808088
BoxCollider:
  m_ObjectHideFlags: 0
  m_CorrespondingSourceObject: {fileID: 0}
  m_PrefabInstance: {fileID: 0}
  m_PrefabAsset: {fileID: 0}
  m_GameObject: {fileID: 5502497251717277671}
  m_Material: {fileID: 0}
  m_IsTrigger: 0
  m_Enabled: 1
  serializedVersion: 2
  m_Size: {x: 1, y: 1, z: 1}
  m_Center: {x: 0, y: 0, z: 0}
--- !u!1 &6969024083115813453
GameObject:
  m_ObjectHideFlags: 0
  m_CorrespondingSourceObject: {fileID: 0}
  m_PrefabInstance: {fileID: 0}
  m_PrefabAsset: {fileID: 0}
  serializedVersion: 6
  m_Component:
  - component: {fileID: 180686423333578029}
  m_Layer: 12
  m_Name: RoomDoor(Clone)
  m_TagString: Untagged
  m_Icon: {fileID: 0}
  m_NavMeshLayer: 0
  m_StaticEditorFlags: 0
  m_IsActive: 1
--- !u!4 &180686423333578029
Transform:
  m_ObjectHideFlags: 0
  m_CorrespondingSourceObject: {fileID: 0}
  m_PrefabInstance: {fileID: 0}
  m_PrefabAsset: {fileID: 0}
  m_GameObject: {fileID: 6969024083115813453}
  m_LocalRotation: {x: -0, y: -0, z: 0.7071068, w: 0.7071068}
  m_LocalPosition: {x: -24, y: 0, z: 0}
  m_LocalScale: {x: 2.7, y: 1, z: 1}
  m_Children:
  - {fileID: 1797128407673917757}
  - {fileID: 6497962967739190301}
  - {fileID: 6506773006984010643}
  m_Father: {fileID: 3264612850603016216}
  m_RootOrder: 1
  m_LocalEulerAnglesHint: {x: 0, y: 0, z: 0}
--- !u!1 &7636598244454595092
GameObject:
  m_ObjectHideFlags: 0
  m_CorrespondingSourceObject: {fileID: 0}
  m_PrefabInstance: {fileID: 0}
  m_PrefabAsset: {fileID: 0}
  serializedVersion: 6
  m_Component:
  - component: {fileID: 1797128407673917757}
  - component: {fileID: 6863942651169835103}
  - component: {fileID: 7222286295428243869}
  - component: {fileID: 199801702370727393}
  m_Layer: 12
  m_Name: Cube (1)
  m_TagString: Untagged
  m_Icon: {fileID: 0}
  m_NavMeshLayer: 0
  m_StaticEditorFlags: 0
  m_IsActive: 1
--- !u!4 &1797128407673917757
Transform:
  m_ObjectHideFlags: 0
  m_CorrespondingSourceObject: {fileID: 0}
  m_PrefabInstance: {fileID: 0}
  m_PrefabAsset: {fileID: 0}
  m_GameObject: {fileID: 7636598244454595092}
  m_LocalRotation: {x: 0, y: 0, z: 0, w: 1}
  m_LocalPosition: {x: 3, y: -0.25, z: 10}
  m_LocalScale: {x: 4, y: 0.5, z: 20}
  m_Children: []
  m_Father: {fileID: 180686423333578029}
  m_RootOrder: 0
  m_LocalEulerAnglesHint: {x: 0, y: 0, z: 0}
--- !u!33 &6863942651169835103
MeshFilter:
  m_ObjectHideFlags: 0
  m_CorrespondingSourceObject: {fileID: 0}
  m_PrefabInstance: {fileID: 0}
  m_PrefabAsset: {fileID: 0}
  m_GameObject: {fileID: 7636598244454595092}
  m_Mesh: {fileID: 10202, guid: 0000000000000000e000000000000000, type: 0}
--- !u!23 &7222286295428243869
MeshRenderer:
  m_ObjectHideFlags: 0
  m_CorrespondingSourceObject: {fileID: 0}
  m_PrefabInstance: {fileID: 0}
  m_PrefabAsset: {fileID: 0}
  m_GameObject: {fileID: 7636598244454595092}
  m_Enabled: 1
  m_CastShadows: 1
  m_ReceiveShadows: 1
  m_DynamicOccludee: 1
  m_MotionVectors: 1
  m_LightProbeUsage: 1
  m_ReflectionProbeUsage: 1
  m_RayTracingMode: 2
  m_RayTraceProcedural: 0
  m_RenderingLayerMask: 1
  m_RendererPriority: 0
  m_Materials:
  - {fileID: 2100000, guid: 1fe566623c455814da7125fe3d12e214, type: 2}
  m_StaticBatchInfo:
    firstSubMesh: 0
    subMeshCount: 0
  m_StaticBatchRoot: {fileID: 0}
  m_ProbeAnchor: {fileID: 0}
  m_LightProbeVolumeOverride: {fileID: 0}
  m_ScaleInLightmap: 1
  m_ReceiveGI: 1
  m_PreserveUVs: 0
  m_IgnoreNormalsForChartDetection: 0
  m_ImportantGI: 0
  m_StitchLightmapSeams: 1
  m_SelectedEditorRenderState: 3
  m_MinimumChartSize: 4
  m_AutoUVMaxDistance: 0.5
  m_AutoUVMaxAngle: 89
  m_LightmapParameters: {fileID: 0}
  m_SortingLayerID: 0
  m_SortingLayer: 0
  m_SortingOrder: 0
  m_AdditionalVertexStreams: {fileID: 0}
--- !u!65 &199801702370727393
BoxCollider:
  m_ObjectHideFlags: 0
  m_CorrespondingSourceObject: {fileID: 0}
  m_PrefabInstance: {fileID: 0}
  m_PrefabAsset: {fileID: 0}
  m_GameObject: {fileID: 7636598244454595092}
  m_Material: {fileID: 0}
  m_IsTrigger: 0
  m_Enabled: 1
  serializedVersion: 2
  m_Size: {x: 1, y: 1, z: 1}
  m_Center: {x: 0, y: 0, z: 0}
--- !u!1 &7652969469058060401
GameObject:
  m_ObjectHideFlags: 0
  m_CorrespondingSourceObject: {fileID: 0}
  m_PrefabInstance: {fileID: 0}
  m_PrefabAsset: {fileID: 0}
  serializedVersion: 6
  m_Component:
  - component: {fileID: 6821125520595416677}
  - component: {fileID: 3130283300277158676}
  - component: {fileID: 967320454011257029}
  - component: {fileID: 5664812442016619779}
  m_Layer: 12
  m_Name: Cube
  m_TagString: Untagged
  m_Icon: {fileID: 0}
  m_NavMeshLayer: 0
  m_StaticEditorFlags: 0
  m_IsActive: 1
--- !u!4 &6821125520595416677
Transform:
  m_ObjectHideFlags: 0
  m_CorrespondingSourceObject: {fileID: 0}
  m_PrefabInstance: {fileID: 0}
  m_PrefabAsset: {fileID: 0}
  m_GameObject: {fileID: 7652969469058060401}
  m_LocalRotation: {x: 0, y: 0, z: 0, w: 1}
  m_LocalPosition: {x: 0, y: -0.25, z: 10}
  m_LocalScale: {x: 10, y: 0.5, z: 20}
  m_Children: []
  m_Father: {fileID: 2356738164292437049}
  m_RootOrder: 0
  m_LocalEulerAnglesHint: {x: 0, y: 0, z: 0}
--- !u!33 &3130283300277158676
MeshFilter:
  m_ObjectHideFlags: 0
  m_CorrespondingSourceObject: {fileID: 0}
  m_PrefabInstance: {fileID: 0}
  m_PrefabAsset: {fileID: 0}
  m_GameObject: {fileID: 7652969469058060401}
  m_Mesh: {fileID: 10202, guid: 0000000000000000e000000000000000, type: 0}
--- !u!23 &967320454011257029
MeshRenderer:
  m_ObjectHideFlags: 0
  m_CorrespondingSourceObject: {fileID: 0}
  m_PrefabInstance: {fileID: 0}
  m_PrefabAsset: {fileID: 0}
  m_GameObject: {fileID: 7652969469058060401}
  m_Enabled: 1
  m_CastShadows: 1
  m_ReceiveShadows: 1
  m_DynamicOccludee: 1
  m_MotionVectors: 1
  m_LightProbeUsage: 1
  m_ReflectionProbeUsage: 1
  m_RayTracingMode: 2
  m_RayTraceProcedural: 0
  m_RenderingLayerMask: 1
  m_RendererPriority: 0
  m_Materials:
  - {fileID: 2100000, guid: 1fe566623c455814da7125fe3d12e214, type: 2}
  m_StaticBatchInfo:
    firstSubMesh: 0
    subMeshCount: 0
  m_StaticBatchRoot: {fileID: 0}
  m_ProbeAnchor: {fileID: 0}
  m_LightProbeVolumeOverride: {fileID: 0}
  m_ScaleInLightmap: 1
  m_ReceiveGI: 1
  m_PreserveUVs: 0
  m_IgnoreNormalsForChartDetection: 0
  m_ImportantGI: 0
  m_StitchLightmapSeams: 1
  m_SelectedEditorRenderState: 3
  m_MinimumChartSize: 4
  m_AutoUVMaxDistance: 0.5
  m_AutoUVMaxAngle: 89
  m_LightmapParameters: {fileID: 0}
  m_SortingLayerID: 0
  m_SortingLayer: 0
  m_SortingOrder: 0
  m_AdditionalVertexStreams: {fileID: 0}
--- !u!65 &5664812442016619779
BoxCollider:
  m_ObjectHideFlags: 0
  m_CorrespondingSourceObject: {fileID: 0}
  m_PrefabInstance: {fileID: 0}
  m_PrefabAsset: {fileID: 0}
  m_GameObject: {fileID: 7652969469058060401}
  m_Material: {fileID: 0}
  m_IsTrigger: 0
  m_Enabled: 1
  serializedVersion: 2
  m_Size: {x: 1, y: 1, z: 1}
  m_Center: {x: 0, y: 0, z: 0}
--- !u!1 &7946159311658799553
GameObject:
  m_ObjectHideFlags: 0
  m_CorrespondingSourceObject: {fileID: 0}
  m_PrefabInstance: {fileID: 0}
  m_PrefabAsset: {fileID: 0}
  serializedVersion: 6
  m_Component:
  - component: {fileID: 2356738164292437049}
  m_Layer: 12
  m_Name: RoomWall(Clone)
  m_TagString: Untagged
  m_Icon: {fileID: 0}
  m_NavMeshLayer: 0
  m_StaticEditorFlags: 0
  m_IsActive: 1
--- !u!4 &2356738164292437049
Transform:
  m_ObjectHideFlags: 0
  m_CorrespondingSourceObject: {fileID: 0}
  m_PrefabInstance: {fileID: 0}
  m_PrefabAsset: {fileID: 0}
  m_GameObject: {fileID: 7946159311658799553}
  m_LocalRotation: {x: -0, y: -0, z: 1, w: -0.00000004371139}
  m_LocalPosition: {x: 0, y: -13.5, z: 0}
  m_LocalScale: {x: 4.8, y: 1, z: 1}
  m_Children:
  - {fileID: 6821125520595416677}
  m_Father: {fileID: 3264612850603016216}
  m_RootOrder: 3
  m_LocalEulerAnglesHint: {x: 0, y: 0, z: 0}
--- !u!1 &8102820243505681051
GameObject:
  m_ObjectHideFlags: 0
  m_CorrespondingSourceObject: {fileID: 0}
  m_PrefabInstance: {fileID: 0}
  m_PrefabAsset: {fileID: 0}
  serializedVersion: 6
  m_Component:
  - component: {fileID: 8102820243505681050}
  - component: {fileID: 8102820243505681047}
  - component: {fileID: 8102820243505681044}
  - component: {fileID: 8102820243505681045}
  m_Layer: 0
  m_Name: Cube (394)
  m_TagString: Untagged
  m_Icon: {fileID: 0}
  m_NavMeshLayer: 0
  m_StaticEditorFlags: 0
  m_IsActive: 1
--- !u!4 &8102820243505681050
Transform:
  m_ObjectHideFlags: 0
  m_CorrespondingSourceObject: {fileID: 0}
  m_PrefabInstance: {fileID: 0}
  m_PrefabAsset: {fileID: 0}
  m_GameObject: {fileID: 8102820243505681051}
  m_LocalRotation: {x: -0, y: -0, z: -0, w: 1}
  m_LocalPosition: {x: 0, y: 0, z: 18.9}
  m_LocalScale: {x: 47.75, y: 26.25, z: 2}
  m_Children: []
  m_Father: {fileID: 5019556040502977529}
  m_RootOrder: 7
  m_LocalEulerAnglesHint: {x: 0, y: 0, z: 0}
--- !u!33 &8102820243505681047
MeshFilter:
  m_ObjectHideFlags: 0
  m_CorrespondingSourceObject: {fileID: 0}
  m_PrefabInstance: {fileID: 0}
  m_PrefabAsset: {fileID: 0}
  m_GameObject: {fileID: 8102820243505681051}
  m_Mesh: {fileID: 10202, guid: 0000000000000000e000000000000000, type: 0}
--- !u!23 &8102820243505681044
MeshRenderer:
  m_ObjectHideFlags: 0
  m_CorrespondingSourceObject: {fileID: 0}
  m_PrefabInstance: {fileID: 0}
  m_PrefabAsset: {fileID: 0}
  m_GameObject: {fileID: 8102820243505681051}
  m_Enabled: 1
  m_CastShadows: 1
  m_ReceiveShadows: 1
  m_DynamicOccludee: 1
  m_MotionVectors: 1
  m_LightProbeUsage: 1
  m_ReflectionProbeUsage: 1
  m_RayTracingMode: 2
  m_RayTraceProcedural: 0
  m_RenderingLayerMask: 1
  m_RendererPriority: 0
  m_Materials:
  - {fileID: 2100000, guid: 1fe566623c455814da7125fe3d12e214, type: 2}
  m_StaticBatchInfo:
    firstSubMesh: 0
    subMeshCount: 0
  m_StaticBatchRoot: {fileID: 0}
  m_ProbeAnchor: {fileID: 0}
  m_LightProbeVolumeOverride: {fileID: 0}
  m_ScaleInLightmap: 1
  m_ReceiveGI: 1
  m_PreserveUVs: 0
  m_IgnoreNormalsForChartDetection: 0
  m_ImportantGI: 0
  m_StitchLightmapSeams: 1
  m_SelectedEditorRenderState: 3
  m_MinimumChartSize: 4
  m_AutoUVMaxDistance: 0.5
  m_AutoUVMaxAngle: 89
  m_LightmapParameters: {fileID: 0}
  m_SortingLayerID: 0
  m_SortingLayer: 0
  m_SortingOrder: 0
  m_AdditionalVertexStreams: {fileID: 0}
--- !u!65 &8102820243505681045
BoxCollider:
  m_ObjectHideFlags: 0
  m_CorrespondingSourceObject: {fileID: 0}
  m_PrefabInstance: {fileID: 0}
  m_PrefabAsset: {fileID: 0}
  m_GameObject: {fileID: 8102820243505681051}
  m_Material: {fileID: 0}
  m_IsTrigger: 0
  m_Enabled: 1
  serializedVersion: 2
  m_Size: {x: 1, y: 1, z: 1}
  m_Center: {x: 0, y: 0, z: 0}
--- !u!1 &8205994701928742716
GameObject:
  m_ObjectHideFlags: 0
  m_CorrespondingSourceObject: {fileID: 0}
  m_PrefabInstance: {fileID: 0}
  m_PrefabAsset: {fileID: 0}
  serializedVersion: 6
  m_Component:
  - component: {fileID: 2726242220294989316}
  m_Layer: 0
  m_Name: --- Effects
  m_TagString: Untagged
  m_Icon: {fileID: 0}
  m_NavMeshLayer: 0
  m_StaticEditorFlags: 0
  m_IsActive: 1
--- !u!4 &2726242220294989316
Transform:
  m_ObjectHideFlags: 0
  m_CorrespondingSourceObject: {fileID: 0}
  m_PrefabInstance: {fileID: 0}
  m_PrefabAsset: {fileID: 0}
  m_GameObject: {fileID: 8205994701928742716}
  m_LocalRotation: {x: -0, y: -0, z: -0, w: 1}
  m_LocalPosition: {x: 0, y: 0, z: 0}
  m_LocalScale: {x: 1, y: 1, z: 1}
  m_Children:
  - {fileID: 4484756392832970012}
  m_Father: {fileID: 4049691119676063963}
  m_RootOrder: 4
  m_LocalEulerAnglesHint: {x: 0, y: 0, z: 0}
--- !u!1001 &741033776
PrefabInstance:
  m_ObjectHideFlags: 0
  serializedVersion: 2
  m_Modification:
    m_TransformParent: {fileID: 3880089013713503411}
    m_Modifications:
    - target: {fileID: 1188443333987640859, guid: 1a92774e02e58184c838704e06f97e0d, type: 3}
      propertyPath: linkedActivatables.Array.size
      value: 1
      objectReference: {fileID: 0}
    - target: {fileID: 1188443333987640859, guid: 1a92774e02e58184c838704e06f97e0d, type: 3}
      propertyPath: linkedActivatables.Array.data[0]
      value: 
      objectReference: {fileID: 3169958177079691100}
    - target: {fileID: 5123679862893980330, guid: 1a92774e02e58184c838704e06f97e0d, type: 3}
      propertyPath: m_LocalPosition.x
      value: 22.25
      objectReference: {fileID: 0}
    - target: {fileID: 5123679862893980330, guid: 1a92774e02e58184c838704e06f97e0d, type: 3}
      propertyPath: m_LocalPosition.y
      value: -2
      objectReference: {fileID: 0}
    - target: {fileID: 5123679862893980330, guid: 1a92774e02e58184c838704e06f97e0d, type: 3}
      propertyPath: m_LocalPosition.z
      value: 10.75
      objectReference: {fileID: 0}
    - target: {fileID: 5123679862893980330, guid: 1a92774e02e58184c838704e06f97e0d, type: 3}
      propertyPath: m_LocalRotation.x
      value: 0
      objectReference: {fileID: 0}
    - target: {fileID: 5123679862893980330, guid: 1a92774e02e58184c838704e06f97e0d, type: 3}
      propertyPath: m_LocalRotation.y
      value: 0
      objectReference: {fileID: 0}
    - target: {fileID: 5123679862893980330, guid: 1a92774e02e58184c838704e06f97e0d, type: 3}
      propertyPath: m_LocalRotation.z
      value: 0
      objectReference: {fileID: 0}
    - target: {fileID: 5123679862893980330, guid: 1a92774e02e58184c838704e06f97e0d, type: 3}
      propertyPath: m_LocalRotation.w
      value: 1
      objectReference: {fileID: 0}
    - target: {fileID: 5123679862893980330, guid: 1a92774e02e58184c838704e06f97e0d, type: 3}
      propertyPath: m_RootOrder
      value: 1
      objectReference: {fileID: 0}
    - target: {fileID: 5123679862893980330, guid: 1a92774e02e58184c838704e06f97e0d, type: 3}
      propertyPath: m_LocalEulerAnglesHint.x
      value: 0
      objectReference: {fileID: 0}
    - target: {fileID: 5123679862893980330, guid: 1a92774e02e58184c838704e06f97e0d, type: 3}
      propertyPath: m_LocalEulerAnglesHint.y
      value: 0
      objectReference: {fileID: 0}
    - target: {fileID: 5123679862893980330, guid: 1a92774e02e58184c838704e06f97e0d, type: 3}
      propertyPath: m_LocalEulerAnglesHint.z
      value: 0
      objectReference: {fileID: 0}
    - target: {fileID: 5864646772401673715, guid: 1a92774e02e58184c838704e06f97e0d, type: 3}
      propertyPath: m_Name
      value: PowerTriggerEffectDriven
      objectReference: {fileID: 0}
    m_RemovedComponents: []
  m_SourcePrefab: {fileID: 100100000, guid: 1a92774e02e58184c838704e06f97e0d, type: 3}
--- !u!4 &5123679863365266842 stripped
Transform:
  m_CorrespondingSourceObject: {fileID: 5123679862893980330, guid: 1a92774e02e58184c838704e06f97e0d, type: 3}
  m_PrefabInstance: {fileID: 741033776}
  m_PrefabAsset: {fileID: 0}
--- !u!1001 &1852170169
PrefabInstance:
  m_ObjectHideFlags: 0
  serializedVersion: 2
  m_Modification:
    m_TransformParent: {fileID: 2726242220294989316}
    m_Modifications:
    - target: {fileID: 4484756394605376165, guid: bfc3b9df14c813a4f8bbf3b4bc001f3c, type: 3}
      propertyPath: m_LocalPosition.x
      value: 22.5
      objectReference: {fileID: 0}
    - target: {fileID: 4484756394605376165, guid: bfc3b9df14c813a4f8bbf3b4bc001f3c, type: 3}
      propertyPath: m_LocalPosition.y
      value: -1.75
      objectReference: {fileID: 0}
    - target: {fileID: 4484756394605376165, guid: bfc3b9df14c813a4f8bbf3b4bc001f3c, type: 3}
      propertyPath: m_LocalPosition.z
      value: 8.75
      objectReference: {fileID: 0}
    - target: {fileID: 4484756394605376165, guid: bfc3b9df14c813a4f8bbf3b4bc001f3c, type: 3}
      propertyPath: m_LocalRotation.x
      value: 0
      objectReference: {fileID: 0}
    - target: {fileID: 4484756394605376165, guid: bfc3b9df14c813a4f8bbf3b4bc001f3c, type: 3}
      propertyPath: m_LocalRotation.y
      value: 0
      objectReference: {fileID: 0}
    - target: {fileID: 4484756394605376165, guid: bfc3b9df14c813a4f8bbf3b4bc001f3c, type: 3}
      propertyPath: m_LocalRotation.z
      value: 0
      objectReference: {fileID: 0}
    - target: {fileID: 4484756394605376165, guid: bfc3b9df14c813a4f8bbf3b4bc001f3c, type: 3}
      propertyPath: m_LocalRotation.w
      value: 1
      objectReference: {fileID: 0}
    - target: {fileID: 4484756394605376165, guid: bfc3b9df14c813a4f8bbf3b4bc001f3c, type: 3}
      propertyPath: m_RootOrder
      value: 0
      objectReference: {fileID: 0}
    - target: {fileID: 4484756394605376165, guid: bfc3b9df14c813a4f8bbf3b4bc001f3c, type: 3}
      propertyPath: m_LocalEulerAnglesHint.x
      value: 0
      objectReference: {fileID: 0}
    - target: {fileID: 4484756394605376165, guid: bfc3b9df14c813a4f8bbf3b4bc001f3c, type: 3}
      propertyPath: m_LocalEulerAnglesHint.y
      value: 0
      objectReference: {fileID: 0}
    - target: {fileID: 4484756394605376165, guid: bfc3b9df14c813a4f8bbf3b4bc001f3c, type: 3}
      propertyPath: m_LocalEulerAnglesHint.z
      value: 0
      objectReference: {fileID: 0}
    - target: {fileID: 4484756394605376166, guid: bfc3b9df14c813a4f8bbf3b4bc001f3c, type: 3}
      propertyPath: m_Name
      value: (Water)EffectVolume
      objectReference: {fileID: 0}
    - target: {fileID: 4484756394605376167, guid: bfc3b9df14c813a4f8bbf3b4bc001f3c, type: 3}
      propertyPath: startActive
      value: 1
      objectReference: {fileID: 0}
    - target: {fileID: 4484756394605376167, guid: bfc3b9df14c813a4f8bbf3b4bc001f3c, type: 3}
      propertyPath: defaultEffect
      value: 4
      objectReference: {fileID: 0}
    - target: {fileID: 5091448253672525357, guid: bfc3b9df14c813a4f8bbf3b4bc001f3c, type: 3}
      propertyPath: m_IsActive
      value: 1
      objectReference: {fileID: 0}
    m_RemovedComponents: []
  m_SourcePrefab: {fileID: 100100000, guid: bfc3b9df14c813a4f8bbf3b4bc001f3c, type: 3}
--- !u!4 &4484756392832970012 stripped
Transform:
  m_CorrespondingSourceObject: {fileID: 4484756394605376165, guid: bfc3b9df14c813a4f8bbf3b4bc001f3c, type: 3}
  m_PrefabInstance: {fileID: 1852170169}
  m_PrefabAsset: {fileID: 0}
--- !u!1001 &8102820242630313082
PrefabInstance:
  m_ObjectHideFlags: 0
  serializedVersion: 2
  m_Modification:
    m_TransformParent: {fileID: 5019556040502977529}
    m_Modifications:
    - target: {fileID: 6640977518403050960, guid: d6510120b2be632468cff2107ba4d55e, type: 3}
      propertyPath: m_LocalPosition.x
      value: 22.214
      objectReference: {fileID: 0}
    - target: {fileID: 6640977518403050960, guid: d6510120b2be632468cff2107ba4d55e, type: 3}
      propertyPath: m_LocalPosition.y
      value: 0.011
      objectReference: {fileID: 0}
    - target: {fileID: 6640977518403050960, guid: d6510120b2be632468cff2107ba4d55e, type: 3}
      propertyPath: m_LocalPosition.z
      value: 4.12
      objectReference: {fileID: 0}
    - target: {fileID: 6640977518403050960, guid: d6510120b2be632468cff2107ba4d55e, type: 3}
      propertyPath: m_LocalRotation.x
      value: -0
      objectReference: {fileID: 0}
    - target: {fileID: 6640977518403050960, guid: d6510120b2be632468cff2107ba4d55e, type: 3}
      propertyPath: m_LocalRotation.y
      value: -0
      objectReference: {fileID: 0}
    - target: {fileID: 6640977518403050960, guid: d6510120b2be632468cff2107ba4d55e, type: 3}
      propertyPath: m_LocalRotation.z
      value: -0
      objectReference: {fileID: 0}
    - target: {fileID: 6640977518403050960, guid: d6510120b2be632468cff2107ba4d55e, type: 3}
      propertyPath: m_LocalRotation.w
      value: 1
      objectReference: {fileID: 0}
    - target: {fileID: 6640977518403050960, guid: d6510120b2be632468cff2107ba4d55e, type: 3}
      propertyPath: m_RootOrder
      value: 5
      objectReference: {fileID: 0}
    - target: {fileID: 6640977518403050960, guid: d6510120b2be632468cff2107ba4d55e, type: 3}
      propertyPath: m_LocalEulerAnglesHint.x
      value: 0
      objectReference: {fileID: 0}
    - target: {fileID: 6640977518403050960, guid: d6510120b2be632468cff2107ba4d55e, type: 3}
      propertyPath: m_LocalEulerAnglesHint.y
      value: 0
      objectReference: {fileID: 0}
    - target: {fileID: 6640977518403050960, guid: d6510120b2be632468cff2107ba4d55e, type: 3}
      propertyPath: m_LocalEulerAnglesHint.z
      value: 0
      objectReference: {fileID: 0}
    - target: {fileID: 6640977518403050960, guid: d6510120b2be632468cff2107ba4d55e, type: 3}
      propertyPath: m_LocalScale.x
      value: 4.590743
      objectReference: {fileID: 0}
    - target: {fileID: 6640977518403050960, guid: d6510120b2be632468cff2107ba4d55e, type: 3}
      propertyPath: m_LocalScale.y
      value: -26.038109
      objectReference: {fileID: 0}
    - target: {fileID: 6640977518403050960, guid: d6510120b2be632468cff2107ba4d55e, type: 3}
      propertyPath: m_LocalScale.z
      value: 8.240108
      objectReference: {fileID: 0}
    - target: {fileID: 6640977518403050963, guid: d6510120b2be632468cff2107ba4d55e, type: 3}
      propertyPath: m_Name
      value: LevelCube (6)
      objectReference: {fileID: 0}
    - target: {fileID: 6640977518403050963, guid: d6510120b2be632468cff2107ba4d55e, type: 3}
      propertyPath: m_IsActive
      value: 0
      objectReference: {fileID: 0}
    m_RemovedComponents: []
  m_SourcePrefab: {fileID: 100100000, guid: d6510120b2be632468cff2107ba4d55e, type: 3}
--- !u!4 &3196005194678131114 stripped
Transform:
  m_CorrespondingSourceObject: {fileID: 6640977518403050960, guid: d6510120b2be632468cff2107ba4d55e, type: 3}
  m_PrefabInstance: {fileID: 8102820242630313082}
  m_PrefabAsset: {fileID: 0}
--- !u!1001 &8102820242760920758
PrefabInstance:
  m_ObjectHideFlags: 0
  serializedVersion: 2
  m_Modification:
    m_TransformParent: {fileID: 5019556040502977529}
    m_Modifications:
    - target: {fileID: 6640977518403050960, guid: d6510120b2be632468cff2107ba4d55e, type: 3}
      propertyPath: m_LocalPosition.x
      value: 0.123000145
      objectReference: {fileID: 0}
    - target: {fileID: 6640977518403050960, guid: d6510120b2be632468cff2107ba4d55e, type: 3}
      propertyPath: m_LocalPosition.y
      value: -10.99
      objectReference: {fileID: 0}
    - target: {fileID: 6640977518403050960, guid: d6510120b2be632468cff2107ba4d55e, type: 3}
      propertyPath: m_LocalPosition.z
      value: 9.119997
      objectReference: {fileID: 0}
    - target: {fileID: 6640977518403050960, guid: d6510120b2be632468cff2107ba4d55e, type: 3}
      propertyPath: m_LocalRotation.x
      value: -0
      objectReference: {fileID: 0}
    - target: {fileID: 6640977518403050960, guid: d6510120b2be632468cff2107ba4d55e, type: 3}
      propertyPath: m_LocalRotation.y
      value: -0
      objectReference: {fileID: 0}
    - target: {fileID: 6640977518403050960, guid: d6510120b2be632468cff2107ba4d55e, type: 3}
      propertyPath: m_LocalRotation.z
      value: -0
      objectReference: {fileID: 0}
    - target: {fileID: 6640977518403050960, guid: d6510120b2be632468cff2107ba4d55e, type: 3}
      propertyPath: m_LocalRotation.w
      value: 1
      objectReference: {fileID: 0}
    - target: {fileID: 6640977518403050960, guid: d6510120b2be632468cff2107ba4d55e, type: 3}
      propertyPath: m_RootOrder
      value: 0
      objectReference: {fileID: 0}
    - target: {fileID: 6640977518403050960, guid: d6510120b2be632468cff2107ba4d55e, type: 3}
      propertyPath: m_LocalEulerAnglesHint.x
      value: 0
      objectReference: {fileID: 0}
    - target: {fileID: 6640977518403050960, guid: d6510120b2be632468cff2107ba4d55e, type: 3}
      propertyPath: m_LocalEulerAnglesHint.y
      value: 0
      objectReference: {fileID: 0}
    - target: {fileID: 6640977518403050960, guid: d6510120b2be632468cff2107ba4d55e, type: 3}
      propertyPath: m_LocalEulerAnglesHint.z
      value: 0
      objectReference: {fileID: 0}
    - target: {fileID: 6640977518403050960, guid: d6510120b2be632468cff2107ba4d55e, type: 3}
      propertyPath: m_LocalScale.x
      value: 47.169937
      objectReference: {fileID: 0}
    - target: {fileID: 6640977518403050960, guid: d6510120b2be632468cff2107ba4d55e, type: 3}
      propertyPath: m_LocalScale.y
      value: 6.031682
      objectReference: {fileID: 0}
    - target: {fileID: 6640977518403050960, guid: d6510120b2be632468cff2107ba4d55e, type: 3}
      propertyPath: m_LocalScale.z
      value: 18.240107
      objectReference: {fileID: 0}
    - target: {fileID: 6640977518403050963, guid: d6510120b2be632468cff2107ba4d55e, type: 3}
      propertyPath: m_Name
      value: LevelCube
      objectReference: {fileID: 0}
    m_RemovedComponents: []
  m_SourcePrefab: {fileID: 100100000, guid: d6510120b2be632468cff2107ba4d55e, type: 3}
--- !u!4 &3196005194548589414 stripped
Transform:
  m_CorrespondingSourceObject: {fileID: 6640977518403050960, guid: d6510120b2be632468cff2107ba4d55e, type: 3}
  m_PrefabInstance: {fileID: 8102820242760920758}
  m_PrefabAsset: {fileID: 0}
--- !u!1001 &8102820242852985625
PrefabInstance:
  m_ObjectHideFlags: 0
  serializedVersion: 2
  m_Modification:
    m_TransformParent: {fileID: 5019556040502977529}
    m_Modifications:
    - target: {fileID: 6640977518403050960, guid: d6510120b2be632468cff2107ba4d55e, type: 3}
      propertyPath: m_LocalPosition.x
      value: 11.049999
      objectReference: {fileID: 0}
    - target: {fileID: 6640977518403050960, guid: d6510120b2be632468cff2107ba4d55e, type: 3}
      propertyPath: m_LocalPosition.y
      value: -9.284
      objectReference: {fileID: 0}
    - target: {fileID: 6640977518403050960, guid: d6510120b2be632468cff2107ba4d55e, type: 3}
      propertyPath: m_LocalPosition.z
      value: 9.119999
      objectReference: {fileID: 0}
    - target: {fileID: 6640977518403050960, guid: d6510120b2be632468cff2107ba4d55e, type: 3}
      propertyPath: m_LocalRotation.x
      value: -0
      objectReference: {fileID: 0}
    - target: {fileID: 6640977518403050960, guid: d6510120b2be632468cff2107ba4d55e, type: 3}
      propertyPath: m_LocalRotation.y
      value: -0
      objectReference: {fileID: 0}
    - target: {fileID: 6640977518403050960, guid: d6510120b2be632468cff2107ba4d55e, type: 3}
      propertyPath: m_LocalRotation.z
      value: -0
      objectReference: {fileID: 0}
    - target: {fileID: 6640977518403050960, guid: d6510120b2be632468cff2107ba4d55e, type: 3}
      propertyPath: m_LocalRotation.w
      value: 1
      objectReference: {fileID: 0}
    - target: {fileID: 6640977518403050960, guid: d6510120b2be632468cff2107ba4d55e, type: 3}
      propertyPath: m_RootOrder
      value: 3
      objectReference: {fileID: 0}
    - target: {fileID: 6640977518403050960, guid: d6510120b2be632468cff2107ba4d55e, type: 3}
      propertyPath: m_LocalEulerAnglesHint.x
      value: 0
      objectReference: {fileID: 0}
    - target: {fileID: 6640977518403050960, guid: d6510120b2be632468cff2107ba4d55e, type: 3}
      propertyPath: m_LocalEulerAnglesHint.y
      value: 0
      objectReference: {fileID: 0}
    - target: {fileID: 6640977518403050960, guid: d6510120b2be632468cff2107ba4d55e, type: 3}
      propertyPath: m_LocalEulerAnglesHint.z
      value: 0
      objectReference: {fileID: 0}
    - target: {fileID: 6640977518403050960, guid: d6510120b2be632468cff2107ba4d55e, type: 3}
      propertyPath: m_LocalScale.x
      value: 8.419223
      objectReference: {fileID: 0}
    - target: {fileID: 6640977518403050960, guid: d6510120b2be632468cff2107ba4d55e, type: 3}
      propertyPath: m_LocalScale.y
      value: 7.8120213
      objectReference: {fileID: 0}
    - target: {fileID: 6640977518403050960, guid: d6510120b2be632468cff2107ba4d55e, type: 3}
      propertyPath: m_LocalScale.z
      value: 18.240107
      objectReference: {fileID: 0}
    - target: {fileID: 6640977518403050963, guid: d6510120b2be632468cff2107ba4d55e, type: 3}
      propertyPath: m_Name
      value: LevelCube (3)
      objectReference: {fileID: 0}
    m_RemovedComponents: []
  m_SourcePrefab: {fileID: 100100000, guid: d6510120b2be632468cff2107ba4d55e, type: 3}
--- !u!4 &3196005194657457865 stripped
Transform:
  m_CorrespondingSourceObject: {fileID: 6640977518403050960, guid: d6510120b2be632468cff2107ba4d55e, type: 3}
  m_PrefabInstance: {fileID: 8102820242852985625}
  m_PrefabAsset: {fileID: 0}
--- !u!1001 &8102820243081717108
PrefabInstance:
  m_ObjectHideFlags: 0
  serializedVersion: 2
  m_Modification:
    m_TransformParent: {fileID: 5019556040502977529}
    m_Modifications:
    - target: {fileID: 6640977518403050960, guid: d6510120b2be632468cff2107ba4d55e, type: 3}
      propertyPath: m_LocalPosition.x
      value: -19.252
      objectReference: {fileID: 0}
    - target: {fileID: 6640977518403050960, guid: d6510120b2be632468cff2107ba4d55e, type: 3}
      propertyPath: m_LocalPosition.y
      value: -7.957
      objectReference: {fileID: 0}
    - target: {fileID: 6640977518403050960, guid: d6510120b2be632468cff2107ba4d55e, type: 3}
      propertyPath: m_LocalPosition.z
      value: 9.119999
      objectReference: {fileID: 0}
    - target: {fileID: 6640977518403050960, guid: d6510120b2be632468cff2107ba4d55e, type: 3}
      propertyPath: m_LocalRotation.x
      value: -0
      objectReference: {fileID: 0}
    - target: {fileID: 6640977518403050960, guid: d6510120b2be632468cff2107ba4d55e, type: 3}
      propertyPath: m_LocalRotation.y
      value: -0
      objectReference: {fileID: 0}
    - target: {fileID: 6640977518403050960, guid: d6510120b2be632468cff2107ba4d55e, type: 3}
      propertyPath: m_LocalRotation.z
      value: -0
      objectReference: {fileID: 0}
    - target: {fileID: 6640977518403050960, guid: d6510120b2be632468cff2107ba4d55e, type: 3}
      propertyPath: m_LocalRotation.w
      value: 1
      objectReference: {fileID: 0}
    - target: {fileID: 6640977518403050960, guid: d6510120b2be632468cff2107ba4d55e, type: 3}
      propertyPath: m_RootOrder
      value: 1
      objectReference: {fileID: 0}
    - target: {fileID: 6640977518403050960, guid: d6510120b2be632468cff2107ba4d55e, type: 3}
      propertyPath: m_LocalEulerAnglesHint.x
      value: 0
      objectReference: {fileID: 0}
    - target: {fileID: 6640977518403050960, guid: d6510120b2be632468cff2107ba4d55e, type: 3}
      propertyPath: m_LocalEulerAnglesHint.y
      value: 0
      objectReference: {fileID: 0}
    - target: {fileID: 6640977518403050960, guid: d6510120b2be632468cff2107ba4d55e, type: 3}
      propertyPath: m_LocalEulerAnglesHint.z
      value: 0
      objectReference: {fileID: 0}
    - target: {fileID: 6640977518403050960, guid: d6510120b2be632468cff2107ba4d55e, type: 3}
      propertyPath: m_LocalScale.x
      value: 8.419223
      objectReference: {fileID: 0}
    - target: {fileID: 6640977518403050960, guid: d6510120b2be632468cff2107ba4d55e, type: 3}
      propertyPath: m_LocalScale.y
      value: 10.467613
      objectReference: {fileID: 0}
    - target: {fileID: 6640977518403050960, guid: d6510120b2be632468cff2107ba4d55e, type: 3}
      propertyPath: m_LocalScale.z
      value: 18.240107
      objectReference: {fileID: 0}
    - target: {fileID: 6640977518403050963, guid: d6510120b2be632468cff2107ba4d55e, type: 3}
      propertyPath: m_Name
      value: LevelCube (1)
      objectReference: {fileID: 0}
    m_RemovedComponents: []
  m_SourcePrefab: {fileID: 100100000, guid: d6510120b2be632468cff2107ba4d55e, type: 3}
--- !u!4 &3196005194298964132 stripped
Transform:
  m_CorrespondingSourceObject: {fileID: 6640977518403050960, guid: d6510120b2be632468cff2107ba4d55e, type: 3}
  m_PrefabInstance: {fileID: 8102820243081717108}
  m_PrefabAsset: {fileID: 0}
--- !u!1001 &8102820243118086304
PrefabInstance:
  m_ObjectHideFlags: 0
  serializedVersion: 2
  m_Modification:
    m_TransformParent: {fileID: 5019556040502977529}
    m_Modifications:
    - target: {fileID: 6640977518403050960, guid: d6510120b2be632468cff2107ba4d55e, type: 3}
      propertyPath: m_LocalPosition.x
      value: 19.3
      objectReference: {fileID: 0}
    - target: {fileID: 6640977518403050960, guid: d6510120b2be632468cff2107ba4d55e, type: 3}
      propertyPath: m_LocalPosition.y
      value: -7.957
      objectReference: {fileID: 0}
    - target: {fileID: 6640977518403050960, guid: d6510120b2be632468cff2107ba4d55e, type: 3}
      propertyPath: m_LocalPosition.z
      value: 9.119999
      objectReference: {fileID: 0}
    - target: {fileID: 6640977518403050960, guid: d6510120b2be632468cff2107ba4d55e, type: 3}
      propertyPath: m_LocalRotation.x
      value: -0
      objectReference: {fileID: 0}
    - target: {fileID: 6640977518403050960, guid: d6510120b2be632468cff2107ba4d55e, type: 3}
      propertyPath: m_LocalRotation.y
      value: -0
      objectReference: {fileID: 0}
    - target: {fileID: 6640977518403050960, guid: d6510120b2be632468cff2107ba4d55e, type: 3}
      propertyPath: m_LocalRotation.z
      value: -0
      objectReference: {fileID: 0}
    - target: {fileID: 6640977518403050960, guid: d6510120b2be632468cff2107ba4d55e, type: 3}
      propertyPath: m_LocalRotation.w
      value: 1
      objectReference: {fileID: 0}
    - target: {fileID: 6640977518403050960, guid: d6510120b2be632468cff2107ba4d55e, type: 3}
      propertyPath: m_RootOrder
      value: 2
      objectReference: {fileID: 0}
    - target: {fileID: 6640977518403050960, guid: d6510120b2be632468cff2107ba4d55e, type: 3}
      propertyPath: m_LocalEulerAnglesHint.x
      value: 0
      objectReference: {fileID: 0}
    - target: {fileID: 6640977518403050960, guid: d6510120b2be632468cff2107ba4d55e, type: 3}
      propertyPath: m_LocalEulerAnglesHint.y
      value: 0
      objectReference: {fileID: 0}
    - target: {fileID: 6640977518403050960, guid: d6510120b2be632468cff2107ba4d55e, type: 3}
      propertyPath: m_LocalEulerAnglesHint.z
      value: 0
      objectReference: {fileID: 0}
    - target: {fileID: 6640977518403050960, guid: d6510120b2be632468cff2107ba4d55e, type: 3}
      propertyPath: m_LocalScale.x
      value: 8.419223
      objectReference: {fileID: 0}
    - target: {fileID: 6640977518403050960, guid: d6510120b2be632468cff2107ba4d55e, type: 3}
      propertyPath: m_LocalScale.y
      value: 10.467613
      objectReference: {fileID: 0}
    - target: {fileID: 6640977518403050960, guid: d6510120b2be632468cff2107ba4d55e, type: 3}
      propertyPath: m_LocalScale.z
      value: 18.240107
      objectReference: {fileID: 0}
    - target: {fileID: 6640977518403050963, guid: d6510120b2be632468cff2107ba4d55e, type: 3}
      propertyPath: m_Name
      value: LevelCube (2)
      objectReference: {fileID: 0}
    m_RemovedComponents: []
  m_SourcePrefab: {fileID: 100100000, guid: d6510120b2be632468cff2107ba4d55e, type: 3}
--- !u!4 &3196005194326410608 stripped
Transform:
  m_CorrespondingSourceObject: {fileID: 6640977518403050960, guid: d6510120b2be632468cff2107ba4d55e, type: 3}
  m_PrefabInstance: {fileID: 8102820243118086304}
  m_PrefabAsset: {fileID: 0}
--- !u!1001 &8102820243842327820
PrefabInstance:
  m_ObjectHideFlags: 0
  serializedVersion: 2
  m_Modification:
    m_TransformParent: {fileID: 4049691119676063963}
    m_Modifications:
    - target: {fileID: 1188443333987640859, guid: 1a92774e02e58184c838704e06f97e0d, type: 3}
      propertyPath: linkedActivatables.Array.size
      value: 1
      objectReference: {fileID: 0}
    - target: {fileID: 1188443333987640859, guid: 1a92774e02e58184c838704e06f97e0d, type: 3}
      propertyPath: linkedActivatables.Array.data[0]
      value: 
      objectReference: {fileID: 3169958177079691100}
    - target: {fileID: 5123679862893980330, guid: 1a92774e02e58184c838704e06f97e0d, type: 3}
      propertyPath: m_LocalPosition.x
      value: 22.44
      objectReference: {fileID: 0}
    - target: {fileID: 5123679862893980330, guid: 1a92774e02e58184c838704e06f97e0d, type: 3}
      propertyPath: m_LocalPosition.y
      value: -4.380001
      objectReference: {fileID: 0}
    - target: {fileID: 5123679862893980330, guid: 1a92774e02e58184c838704e06f97e0d, type: 3}
      propertyPath: m_LocalPosition.z
      value: 11
      objectReference: {fileID: 0}
    - target: {fileID: 5123679862893980330, guid: 1a92774e02e58184c838704e06f97e0d, type: 3}
      propertyPath: m_LocalRotation.x
      value: 0
      objectReference: {fileID: 0}
    - target: {fileID: 5123679862893980330, guid: 1a92774e02e58184c838704e06f97e0d, type: 3}
      propertyPath: m_LocalRotation.y
      value: 0
      objectReference: {fileID: 0}
    - target: {fileID: 5123679862893980330, guid: 1a92774e02e58184c838704e06f97e0d, type: 3}
      propertyPath: m_LocalRotation.z
      value: 0
      objectReference: {fileID: 0}
    - target: {fileID: 5123679862893980330, guid: 1a92774e02e58184c838704e06f97e0d, type: 3}
      propertyPath: m_LocalRotation.w
      value: 1
      objectReference: {fileID: 0}
    - target: {fileID: 5123679862893980330, guid: 1a92774e02e58184c838704e06f97e0d, type: 3}
      propertyPath: m_RootOrder
      value: 5
      objectReference: {fileID: 0}
    - target: {fileID: 5123679862893980330, guid: 1a92774e02e58184c838704e06f97e0d, type: 3}
      propertyPath: m_LocalEulerAnglesHint.x
      value: 0
      objectReference: {fileID: 0}
    - target: {fileID: 5123679862893980330, guid: 1a92774e02e58184c838704e06f97e0d, type: 3}
      propertyPath: m_LocalEulerAnglesHint.y
      value: 0
      objectReference: {fileID: 0}
    - target: {fileID: 5123679862893980330, guid: 1a92774e02e58184c838704e06f97e0d, type: 3}
      propertyPath: m_LocalEulerAnglesHint.z
      value: 0
      objectReference: {fileID: 0}
    - target: {fileID: 5864646772401673715, guid: 1a92774e02e58184c838704e06f97e0d, type: 3}
      propertyPath: m_Name
      value: PowerTriggerEffectDriven
      objectReference: {fileID: 0}
    m_RemovedComponents: []
  m_SourcePrefab: {fileID: 100100000, guid: 1a92774e02e58184c838704e06f97e0d, type: 3}
--- !u!4 &3992994830862962598 stripped
Transform:
  m_CorrespondingSourceObject: {fileID: 5123679862893980330, guid: 1a92774e02e58184c838704e06f97e0d, type: 3}
  m_PrefabInstance: {fileID: 8102820243842327820}
  m_PrefabAsset: {fileID: 0}
--- !u!1001 &8102820244240039382
PrefabInstance:
  m_ObjectHideFlags: 0
  serializedVersion: 2
  m_Modification:
    m_TransformParent: {fileID: 3880089013713503411}
    m_Modifications:
    - target: {fileID: 6054585404513017223, guid: fa3599017d4094b4bbc33d86c79c5c56, type: 3}
      propertyPath: m_LocalPosition.x
      value: 0.25
      objectReference: {fileID: 0}
    - target: {fileID: 6054585404513017223, guid: fa3599017d4094b4bbc33d86c79c5c56, type: 3}
      propertyPath: m_LocalPosition.y
      value: -5.59
      objectReference: {fileID: 0}
    - target: {fileID: 6054585404513017223, guid: fa3599017d4094b4bbc33d86c79c5c56, type: 3}
      propertyPath: m_LocalPosition.z
      value: -5.2024
      objectReference: {fileID: 0}
    - target: {fileID: 6054585404513017223, guid: fa3599017d4094b4bbc33d86c79c5c56, type: 3}
      propertyPath: m_LocalRotation.x
      value: 0
      objectReference: {fileID: 0}
    - target: {fileID: 6054585404513017223, guid: fa3599017d4094b4bbc33d86c79c5c56, type: 3}
      propertyPath: m_LocalRotation.y
      value: 0
      objectReference: {fileID: 0}
    - target: {fileID: 6054585404513017223, guid: fa3599017d4094b4bbc33d86c79c5c56, type: 3}
      propertyPath: m_LocalRotation.z
      value: 0
      objectReference: {fileID: 0}
    - target: {fileID: 6054585404513017223, guid: fa3599017d4094b4bbc33d86c79c5c56, type: 3}
      propertyPath: m_LocalRotation.w
      value: 1
      objectReference: {fileID: 0}
    - target: {fileID: 6054585404513017223, guid: fa3599017d4094b4bbc33d86c79c5c56, type: 3}
      propertyPath: m_RootOrder
      value: 0
      objectReference: {fileID: 0}
    - target: {fileID: 6054585404513017223, guid: fa3599017d4094b4bbc33d86c79c5c56, type: 3}
      propertyPath: m_LocalEulerAnglesHint.x
      value: 0
      objectReference: {fileID: 0}
    - target: {fileID: 6054585404513017223, guid: fa3599017d4094b4bbc33d86c79c5c56, type: 3}
      propertyPath: m_LocalEulerAnglesHint.y
      value: 0
      objectReference: {fileID: 0}
    - target: {fileID: 6054585404513017223, guid: fa3599017d4094b4bbc33d86c79c5c56, type: 3}
      propertyPath: m_LocalEulerAnglesHint.z
      value: 0
      objectReference: {fileID: 0}
    - target: {fileID: 6054585404513017223, guid: fa3599017d4094b4bbc33d86c79c5c56, type: 3}
      propertyPath: m_LocalScale.x
      value: 3.4736
      objectReference: {fileID: 0}
    - target: {fileID: 6054585404513017223, guid: fa3599017d4094b4bbc33d86c79c5c56, type: 3}
      propertyPath: m_LocalScale.y
      value: 3.4736
      objectReference: {fileID: 0}
    - target: {fileID: 6054585404513017223, guid: fa3599017d4094b4bbc33d86c79c5c56, type: 3}
      propertyPath: m_LocalScale.z
      value: 3.4736
      objectReference: {fileID: 0}
    - target: {fileID: 6904150577075838249, guid: fa3599017d4094b4bbc33d86c79c5c56, type: 3}
      propertyPath: m_LocalPosition.z
      value: 3.7425146
      objectReference: {fileID: 0}
    - target: {fileID: 7801306608913301227, guid: fa3599017d4094b4bbc33d86c79c5c56, type: 3}
      propertyPath: m_Size.z
      value: 2.4917235
      objectReference: {fileID: 0}
    - target: {fileID: 7801306608913301227, guid: fa3599017d4094b4bbc33d86c79c5c56, type: 3}
      propertyPath: m_Center.z
      value: 2.7541504
      objectReference: {fileID: 0}
    - target: {fileID: 7964903899557323904, guid: fa3599017d4094b4bbc33d86c79c5c56, type: 3}
      propertyPath: m_Name
      value: ChargeStation
      objectReference: {fileID: 0}
    m_RemovedComponents: []
  m_SourcePrefab: {fileID: 100100000, guid: fa3599017d4094b4bbc33d86c79c5c56, type: 3}
--- !u!4 &2627064558887772241 stripped
Transform:
  m_CorrespondingSourceObject: {fileID: 6054585404513017223, guid: fa3599017d4094b4bbc33d86c79c5c56, type: 3}
  m_PrefabInstance: {fileID: 8102820244240039382}
  m_PrefabAsset: {fileID: 0}
--- !u!114 &3169958177079691100 stripped
MonoBehaviour:
  m_CorrespondingSourceObject: {fileID: 6597479052769720970, guid: fa3599017d4094b4bbc33d86c79c5c56, type: 3}
  m_PrefabInstance: {fileID: 8102820244240039382}
  m_PrefabAsset: {fileID: 0}
  m_GameObject: {fileID: 0}
  m_Enabled: 1
  m_EditorHideFlags: 0
  m_Script: {fileID: 11500000, guid: 29ac24fa9c9894348972524bd9b7c902, type: 3}
  m_Name: 
  m_EditorClassIdentifier: 
--- !u!1001 &8102820244288844562
PrefabInstance:
  m_ObjectHideFlags: 0
  serializedVersion: 2
  m_Modification:
    m_TransformParent: {fileID: 5019556040502977529}
    m_Modifications:
    - target: {fileID: 6640977518403050960, guid: d6510120b2be632468cff2107ba4d55e, type: 3}
      propertyPath: m_LocalPosition.x
      value: 0.01
      objectReference: {fileID: 0}
    - target: {fileID: 6640977518403050960, guid: d6510120b2be632468cff2107ba4d55e, type: 3}
      propertyPath: m_LocalPosition.y
      value: 11.05
      objectReference: {fileID: 0}
    - target: {fileID: 6640977518403050960, guid: d6510120b2be632468cff2107ba4d55e, type: 3}
      propertyPath: m_LocalPosition.z
      value: 4.12
      objectReference: {fileID: 0}
    - target: {fileID: 6640977518403050960, guid: d6510120b2be632468cff2107ba4d55e, type: 3}
      propertyPath: m_LocalRotation.x
      value: -0
      objectReference: {fileID: 0}
    - target: {fileID: 6640977518403050960, guid: d6510120b2be632468cff2107ba4d55e, type: 3}
      propertyPath: m_LocalRotation.y
      value: -0
      objectReference: {fileID: 0}
    - target: {fileID: 6640977518403050960, guid: d6510120b2be632468cff2107ba4d55e, type: 3}
      propertyPath: m_LocalRotation.z
      value: -0
      objectReference: {fileID: 0}
    - target: {fileID: 6640977518403050960, guid: d6510120b2be632468cff2107ba4d55e, type: 3}
      propertyPath: m_LocalRotation.w
      value: 1
      objectReference: {fileID: 0}
    - target: {fileID: 6640977518403050960, guid: d6510120b2be632468cff2107ba4d55e, type: 3}
      propertyPath: m_RootOrder
      value: 6
      objectReference: {fileID: 0}
    - target: {fileID: 6640977518403050960, guid: d6510120b2be632468cff2107ba4d55e, type: 3}
      propertyPath: m_LocalEulerAnglesHint.x
      value: 0
      objectReference: {fileID: 0}
    - target: {fileID: 6640977518403050960, guid: d6510120b2be632468cff2107ba4d55e, type: 3}
      propertyPath: m_LocalEulerAnglesHint.y
      value: 0
      objectReference: {fileID: 0}
    - target: {fileID: 6640977518403050960, guid: d6510120b2be632468cff2107ba4d55e, type: 3}
      propertyPath: m_LocalEulerAnglesHint.z
      value: 0
      objectReference: {fileID: 0}
    - target: {fileID: 6640977518403050960, guid: d6510120b2be632468cff2107ba4d55e, type: 3}
      propertyPath: m_LocalScale.x
      value: 47.169914
      objectReference: {fileID: 0}
    - target: {fileID: 6640977518403050960, guid: d6510120b2be632468cff2107ba4d55e, type: 3}
      propertyPath: m_LocalScale.y
      value: 4.3710437
      objectReference: {fileID: 0}
    - target: {fileID: 6640977518403050960, guid: d6510120b2be632468cff2107ba4d55e, type: 3}
      propertyPath: m_LocalScale.z
      value: 8.240104
      objectReference: {fileID: 0}
    - target: {fileID: 6640977518403050963, guid: d6510120b2be632468cff2107ba4d55e, type: 3}
      propertyPath: m_Name
      value: LevelCube (5)
      objectReference: {fileID: 0}
    m_RemovedComponents: []
  m_SourcePrefab: {fileID: 100100000, guid: d6510120b2be632468cff2107ba4d55e, type: 3}
--- !u!4 &3196005196310965954 stripped
Transform:
  m_CorrespondingSourceObject: {fileID: 6640977518403050960, guid: d6510120b2be632468cff2107ba4d55e, type: 3}
  m_PrefabInstance: {fileID: 8102820244288844562}
  m_PrefabAsset: {fileID: 0}
--- !u!1001 &8102820244613221827
PrefabInstance:
  m_ObjectHideFlags: 0
  serializedVersion: 2
  m_Modification:
    m_TransformParent: {fileID: 5019556040502977529}
    m_Modifications:
    - target: {fileID: 6640977518403050960, guid: d6510120b2be632468cff2107ba4d55e, type: 3}
      propertyPath: m_LocalPosition.x
      value: -10.950001
      objectReference: {fileID: 0}
    - target: {fileID: 6640977518403050960, guid: d6510120b2be632468cff2107ba4d55e, type: 3}
      propertyPath: m_LocalPosition.y
      value: -9.207
      objectReference: {fileID: 0}
    - target: {fileID: 6640977518403050960, guid: d6510120b2be632468cff2107ba4d55e, type: 3}
      propertyPath: m_LocalPosition.z
      value: 9.119999
      objectReference: {fileID: 0}
    - target: {fileID: 6640977518403050960, guid: d6510120b2be632468cff2107ba4d55e, type: 3}
      propertyPath: m_LocalRotation.x
      value: -0
      objectReference: {fileID: 0}
    - target: {fileID: 6640977518403050960, guid: d6510120b2be632468cff2107ba4d55e, type: 3}
      propertyPath: m_LocalRotation.y
      value: -0
      objectReference: {fileID: 0}
    - target: {fileID: 6640977518403050960, guid: d6510120b2be632468cff2107ba4d55e, type: 3}
      propertyPath: m_LocalRotation.z
      value: -0
      objectReference: {fileID: 0}
    - target: {fileID: 6640977518403050960, guid: d6510120b2be632468cff2107ba4d55e, type: 3}
      propertyPath: m_LocalRotation.w
      value: 1
      objectReference: {fileID: 0}
    - target: {fileID: 6640977518403050960, guid: d6510120b2be632468cff2107ba4d55e, type: 3}
      propertyPath: m_RootOrder
      value: 4
      objectReference: {fileID: 0}
    - target: {fileID: 6640977518403050960, guid: d6510120b2be632468cff2107ba4d55e, type: 3}
      propertyPath: m_LocalEulerAnglesHint.x
      value: 0
      objectReference: {fileID: 0}
    - target: {fileID: 6640977518403050960, guid: d6510120b2be632468cff2107ba4d55e, type: 3}
      propertyPath: m_LocalEulerAnglesHint.y
      value: 0
      objectReference: {fileID: 0}
    - target: {fileID: 6640977518403050960, guid: d6510120b2be632468cff2107ba4d55e, type: 3}
      propertyPath: m_LocalEulerAnglesHint.z
      value: 0
      objectReference: {fileID: 0}
    - target: {fileID: 6640977518403050960, guid: d6510120b2be632468cff2107ba4d55e, type: 3}
      propertyPath: m_LocalScale.x
      value: 8.419223
      objectReference: {fileID: 0}
    - target: {fileID: 6640977518403050960, guid: d6510120b2be632468cff2107ba4d55e, type: 3}
      propertyPath: m_LocalScale.y
      value: 7.967615
      objectReference: {fileID: 0}
    - target: {fileID: 6640977518403050960, guid: d6510120b2be632468cff2107ba4d55e, type: 3}
      propertyPath: m_LocalScale.z
      value: 18.240107
      objectReference: {fileID: 0}
    - target: {fileID: 6640977518403050963, guid: d6510120b2be632468cff2107ba4d55e, type: 3}
      propertyPath: m_Name
      value: LevelCube (4)
      objectReference: {fileID: 0}
    m_RemovedComponents: []
  m_SourcePrefab: {fileID: 100100000, guid: d6510120b2be632468cff2107ba4d55e, type: 3}
--- !u!4 &3196005196115677203 stripped
Transform:
  m_CorrespondingSourceObject: {fileID: 6640977518403050960, guid: d6510120b2be632468cff2107ba4d55e, type: 3}
  m_PrefabInstance: {fileID: 8102820244613221827}
  m_PrefabAsset: {fileID: 0}
--- !u!1001 &8102820244628567609
PrefabInstance:
  m_ObjectHideFlags: 0
  serializedVersion: 2
  m_Modification:
    m_TransformParent: {fileID: 4049691119676063963}
    m_Modifications:
    - target: {fileID: 2554421607376276518, guid: bfc3b9df14c813a4f8bbf3b4bc001f3c, type: 3}
      propertyPath: m_LocalPosition.y
      value: -1.25
      objectReference: {fileID: 0}
    - target: {fileID: 2648583216596113668, guid: bfc3b9df14c813a4f8bbf3b4bc001f3c, type: 3}
      propertyPath: m_IsActive
      value: 1
      objectReference: {fileID: 0}
    - target: {fileID: 4484756394605376165, guid: bfc3b9df14c813a4f8bbf3b4bc001f3c, type: 3}
      propertyPath: m_LocalPosition.x
      value: 22.46
      objectReference: {fileID: 0}
    - target: {fileID: 4484756394605376165, guid: bfc3b9df14c813a4f8bbf3b4bc001f3c, type: 3}
      propertyPath: m_LocalPosition.y
      value: -1.6300001
      objectReference: {fileID: 0}
    - target: {fileID: 4484756394605376165, guid: bfc3b9df14c813a4f8bbf3b4bc001f3c, type: 3}
      propertyPath: m_LocalPosition.z
      value: 8.25
      objectReference: {fileID: 0}
    - target: {fileID: 4484756394605376165, guid: bfc3b9df14c813a4f8bbf3b4bc001f3c, type: 3}
      propertyPath: m_LocalRotation.x
      value: 0
      objectReference: {fileID: 0}
    - target: {fileID: 4484756394605376165, guid: bfc3b9df14c813a4f8bbf3b4bc001f3c, type: 3}
      propertyPath: m_LocalRotation.y
      value: 0
      objectReference: {fileID: 0}
    - target: {fileID: 4484756394605376165, guid: bfc3b9df14c813a4f8bbf3b4bc001f3c, type: 3}
      propertyPath: m_LocalRotation.z
      value: 0
      objectReference: {fileID: 0}
    - target: {fileID: 4484756394605376165, guid: bfc3b9df14c813a4f8bbf3b4bc001f3c, type: 3}
      propertyPath: m_LocalRotation.w
      value: 1
      objectReference: {fileID: 0}
    - target: {fileID: 4484756394605376165, guid: bfc3b9df14c813a4f8bbf3b4bc001f3c, type: 3}
      propertyPath: m_RootOrder
      value: 6
      objectReference: {fileID: 0}
    - target: {fileID: 4484756394605376165, guid: bfc3b9df14c813a4f8bbf3b4bc001f3c, type: 3}
      propertyPath: m_LocalEulerAnglesHint.x
      value: 0
      objectReference: {fileID: 0}
    - target: {fileID: 4484756394605376165, guid: bfc3b9df14c813a4f8bbf3b4bc001f3c, type: 3}
      propertyPath: m_LocalEulerAnglesHint.y
      value: 0
      objectReference: {fileID: 0}
    - target: {fileID: 4484756394605376165, guid: bfc3b9df14c813a4f8bbf3b4bc001f3c, type: 3}
      propertyPath: m_LocalEulerAnglesHint.z
      value: 0
      objectReference: {fileID: 0}
    - target: {fileID: 4484756394605376166, guid: bfc3b9df14c813a4f8bbf3b4bc001f3c, type: 3}
      propertyPath: m_Name
      value: (WindUp)EffectVolume
      objectReference: {fileID: 0}
    - target: {fileID: 4484756394605376167, guid: bfc3b9df14c813a4f8bbf3b4bc001f3c, type: 3}
      propertyPath: startActive
      value: 1
      objectReference: {fileID: 0}
    m_RemovedComponents: []
  m_SourcePrefab: {fileID: 100100000, guid: bfc3b9df14c813a4f8bbf3b4bc001f3c, type: 3}
--- !u!4 &5642463021309658268 stripped
Transform:
  m_CorrespondingSourceObject: {fileID: 4484756394605376165, guid: bfc3b9df14c813a4f8bbf3b4bc001f3c, type: 3}
  m_PrefabInstance: {fileID: 8102820244628567609}
  m_PrefabAsset: {fileID: 0}
