%YAML 1.1
%TAG !u! tag:unity3d.com,2011:
--- !u!1 &1004102440486885782
GameObject:
  m_ObjectHideFlags: 0
  m_CorrespondingSourceObject: {fileID: 0}
  m_PrefabInstance: {fileID: 0}
  m_PrefabAsset: {fileID: 0}
  serializedVersion: 6
  m_Component:
  - component: {fileID: 3751149791060529203}
  - component: {fileID: 4334636600340011390}
  - component: {fileID: 7743507131961279456}
  - component: {fileID: 3256077228508914574}
  m_Layer: 0
  m_Name: Cube (5)
  m_TagString: Untagged
  m_Icon: {fileID: 0}
  m_NavMeshLayer: 0
  m_StaticEditorFlags: 0
  m_IsActive: 1
--- !u!4 &3751149791060529203
Transform:
  m_ObjectHideFlags: 0
  m_CorrespondingSourceObject: {fileID: 0}
  m_PrefabInstance: {fileID: 0}
  m_PrefabAsset: {fileID: 0}
  m_GameObject: {fileID: 1004102440486885782}
  m_LocalRotation: {x: -0, y: -0, z: -0, w: 1}
  m_LocalPosition: {x: 2.127, y: -1.77, z: 6.28}
  m_LocalScale: {x: 3.2852242, y: 2.41343, z: 4.06466}
  m_Children: []
  m_Father: {fileID: 1816087815147857551}
  m_RootOrder: 1
  m_LocalEulerAnglesHint: {x: 0, y: 0, z: 0}
--- !u!33 &4334636600340011390
MeshFilter:
  m_ObjectHideFlags: 0
  m_CorrespondingSourceObject: {fileID: 0}
  m_PrefabInstance: {fileID: 0}
  m_PrefabAsset: {fileID: 0}
  m_GameObject: {fileID: 1004102440486885782}
  m_Mesh: {fileID: 10202, guid: 0000000000000000e000000000000000, type: 0}
--- !u!23 &7743507131961279456
MeshRenderer:
  m_ObjectHideFlags: 0
  m_CorrespondingSourceObject: {fileID: 0}
  m_PrefabInstance: {fileID: 0}
  m_PrefabAsset: {fileID: 0}
  m_GameObject: {fileID: 1004102440486885782}
  m_Enabled: 1
  m_CastShadows: 1
  m_ReceiveShadows: 1
  m_DynamicOccludee: 1
  m_MotionVectors: 1
  m_LightProbeUsage: 1
  m_ReflectionProbeUsage: 1
  m_RayTracingMode: 2
  m_RayTraceProcedural: 0
  m_RenderingLayerMask: 1
  m_RendererPriority: 0
  m_Materials:
  - {fileID: 2100000, guid: 06161247dc5f7504a95a8b216d3bfe65, type: 2}
  m_StaticBatchInfo:
    firstSubMesh: 0
    subMeshCount: 0
  m_StaticBatchRoot: {fileID: 0}
  m_ProbeAnchor: {fileID: 0}
  m_LightProbeVolumeOverride: {fileID: 0}
  m_ScaleInLightmap: 1
  m_ReceiveGI: 1
  m_PreserveUVs: 0
  m_IgnoreNormalsForChartDetection: 0
  m_ImportantGI: 0
  m_StitchLightmapSeams: 1
  m_SelectedEditorRenderState: 3
  m_MinimumChartSize: 4
  m_AutoUVMaxDistance: 0.5
  m_AutoUVMaxAngle: 89
  m_LightmapParameters: {fileID: 0}
  m_SortingLayerID: 0
  m_SortingLayer: 0
  m_SortingOrder: 0
  m_AdditionalVertexStreams: {fileID: 0}
--- !u!65 &3256077228508914574
BoxCollider:
  m_ObjectHideFlags: 0
  m_CorrespondingSourceObject: {fileID: 0}
  m_PrefabInstance: {fileID: 0}
  m_PrefabAsset: {fileID: 0}
  m_GameObject: {fileID: 1004102440486885782}
  m_Material: {fileID: 0}
  m_IsTrigger: 0
  m_Enabled: 1
  serializedVersion: 2
  m_Size: {x: 1, y: 1, z: 1}
  m_Center: {x: 0, y: 0, z: 0}
--- !u!1 &1224416351655007839
GameObject:
  m_ObjectHideFlags: 0
  m_CorrespondingSourceObject: {fileID: 0}
  m_PrefabInstance: {fileID: 0}
  m_PrefabAsset: {fileID: 0}
  serializedVersion: 6
  m_Component:
  - component: {fileID: 8524831769885048297}
  - component: {fileID: 7343675546252192140}
  - component: {fileID: 4365469300299561085}
  - component: {fileID: 2353617614970109584}
  m_Layer: 0
  m_Name: Cube
  m_TagString: Untagged
  m_Icon: {fileID: 0}
  m_NavMeshLayer: 0
  m_StaticEditorFlags: 0
  m_IsActive: 1
--- !u!4 &8524831769885048297
Transform:
  m_ObjectHideFlags: 0
  m_CorrespondingSourceObject: {fileID: 0}
  m_PrefabInstance: {fileID: 0}
  m_PrefabAsset: {fileID: 0}
  m_GameObject: {fileID: 1224416351655007839}
  m_LocalRotation: {x: -0, y: -0, z: -0, w: 1}
  m_LocalPosition: {x: 0, y: 0.047000885, z: 7.372}
  m_LocalScale: {x: 1, y: 29.326775, z: 15.743422}
  m_Children: []
  m_Father: {fileID: 4254906245171953349}
  m_RootOrder: 1
  m_LocalEulerAnglesHint: {x: 0, y: 0, z: 0}
--- !u!33 &7343675546252192140
MeshFilter:
  m_ObjectHideFlags: 0
  m_CorrespondingSourceObject: {fileID: 0}
  m_PrefabInstance: {fileID: 0}
  m_PrefabAsset: {fileID: 0}
  m_GameObject: {fileID: 1224416351655007839}
  m_Mesh: {fileID: 10202, guid: 0000000000000000e000000000000000, type: 0}
--- !u!23 &4365469300299561085
MeshRenderer:
  m_ObjectHideFlags: 0
  m_CorrespondingSourceObject: {fileID: 0}
  m_PrefabInstance: {fileID: 0}
  m_PrefabAsset: {fileID: 0}
  m_GameObject: {fileID: 1224416351655007839}
  m_Enabled: 1
  m_CastShadows: 1
  m_ReceiveShadows: 1
  m_DynamicOccludee: 1
  m_MotionVectors: 1
  m_LightProbeUsage: 1
  m_ReflectionProbeUsage: 1
  m_RayTracingMode: 2
  m_RayTraceProcedural: 0
  m_RenderingLayerMask: 1
  m_RendererPriority: 0
  m_Materials:
  - {fileID: 10303, guid: 0000000000000000f000000000000000, type: 0}
  m_StaticBatchInfo:
    firstSubMesh: 0
    subMeshCount: 0
  m_StaticBatchRoot: {fileID: 0}
  m_ProbeAnchor: {fileID: 0}
  m_LightProbeVolumeOverride: {fileID: 0}
  m_ScaleInLightmap: 1
  m_ReceiveGI: 1
  m_PreserveUVs: 0
  m_IgnoreNormalsForChartDetection: 0
  m_ImportantGI: 0
  m_StitchLightmapSeams: 1
  m_SelectedEditorRenderState: 3
  m_MinimumChartSize: 4
  m_AutoUVMaxDistance: 0.5
  m_AutoUVMaxAngle: 89
  m_LightmapParameters: {fileID: 0}
  m_SortingLayerID: 0
  m_SortingLayer: 0
  m_SortingOrder: 0
  m_AdditionalVertexStreams: {fileID: 0}
--- !u!65 &2353617614970109584
BoxCollider:
  m_ObjectHideFlags: 0
  m_CorrespondingSourceObject: {fileID: 0}
  m_PrefabInstance: {fileID: 0}
  m_PrefabAsset: {fileID: 0}
  m_GameObject: {fileID: 1224416351655007839}
  m_Material: {fileID: 0}
  m_IsTrigger: 0
  m_Enabled: 1
  serializedVersion: 2
  m_Size: {x: 1, y: 1, z: 1}
  m_Center: {x: 0, y: 0, z: 0}
--- !u!1 &1647827243830295007
GameObject:
  m_ObjectHideFlags: 0
  m_CorrespondingSourceObject: {fileID: 0}
  m_PrefabInstance: {fileID: 0}
  m_PrefabAsset: {fileID: 0}
  serializedVersion: 6
  m_Component:
  - component: {fileID: 1816087815147857551}
  m_Layer: 0
  m_Name: ContentSolid
  m_TagString: Untagged
  m_Icon: {fileID: 0}
  m_NavMeshLayer: 0
  m_StaticEditorFlags: 0
  m_IsActive: 1
--- !u!4 &1816087815147857551
Transform:
  m_ObjectHideFlags: 0
  m_CorrespondingSourceObject: {fileID: 0}
  m_PrefabInstance: {fileID: 0}
  m_PrefabAsset: {fileID: 0}
  m_GameObject: {fileID: 1647827243830295007}
  m_LocalRotation: {x: -0, y: -0, z: -0, w: 1}
  m_LocalPosition: {x: 0, y: 0, z: 0}
  m_LocalScale: {x: 1, y: 1, z: 1}
  m_Children:
  - {fileID: 2919948610060379456}
  - {fileID: 3751149791060529203}
  - {fileID: 1612730790396621865}
  - {fileID: 6987389941208716725}
  - {fileID: 3474583235469294519}
  - {fileID: 6366542259421467560}
  - {fileID: 1803323936981848246}
  - {fileID: 2898877440404031770}
  m_Father: {fileID: 4254906244298291834}
  m_RootOrder: 1
  m_LocalEulerAnglesHint: {x: 0, y: 0, z: 0}
--- !u!1 &1653920703446119808
GameObject:
  m_ObjectHideFlags: 0
  m_CorrespondingSourceObject: {fileID: 0}
  m_PrefabInstance: {fileID: 0}
  m_PrefabAsset: {fileID: 0}
  serializedVersion: 6
  m_Component:
  - component: {fileID: 3474583235469294519}
  - component: {fileID: 3248797647213674984}
  - component: {fileID: 4366806231066244614}
  - component: {fileID: 6935818823531963161}
  m_Layer: 0
  m_Name: Cube (8)
  m_TagString: Untagged
  m_Icon: {fileID: 0}
  m_NavMeshLayer: 0
  m_StaticEditorFlags: 0
  m_IsActive: 1
--- !u!4 &3474583235469294519
Transform:
  m_ObjectHideFlags: 0
  m_CorrespondingSourceObject: {fileID: 0}
  m_PrefabInstance: {fileID: 0}
  m_PrefabAsset: {fileID: 0}
  m_GameObject: {fileID: 1653920703446119808}
  m_LocalRotation: {x: -0, y: -0, z: -0, w: 1}
  m_LocalPosition: {x: -4.55, y: 0.8584, z: 6.28}
  m_LocalScale: {x: -1.3103889, y: 7.658595, z: 4.06466}
  m_Children: []
  m_Father: {fileID: 1816087815147857551}
  m_RootOrder: 4
  m_LocalEulerAnglesHint: {x: 0, y: 0, z: 0}
--- !u!33 &3248797647213674984
MeshFilter:
  m_ObjectHideFlags: 0
  m_CorrespondingSourceObject: {fileID: 0}
  m_PrefabInstance: {fileID: 0}
  m_PrefabAsset: {fileID: 0}
  m_GameObject: {fileID: 1653920703446119808}
  m_Mesh: {fileID: 10202, guid: 0000000000000000e000000000000000, type: 0}
--- !u!23 &4366806231066244614
MeshRenderer:
  m_ObjectHideFlags: 0
  m_CorrespondingSourceObject: {fileID: 0}
  m_PrefabInstance: {fileID: 0}
  m_PrefabAsset: {fileID: 0}
  m_GameObject: {fileID: 1653920703446119808}
  m_Enabled: 1
  m_CastShadows: 1
  m_ReceiveShadows: 1
  m_DynamicOccludee: 1
  m_MotionVectors: 1
  m_LightProbeUsage: 1
  m_ReflectionProbeUsage: 1
  m_RayTracingMode: 2
  m_RayTraceProcedural: 0
  m_RenderingLayerMask: 1
  m_RendererPriority: 0
  m_Materials:
  - {fileID: 2100000, guid: 06161247dc5f7504a95a8b216d3bfe65, type: 2}
  m_StaticBatchInfo:
    firstSubMesh: 0
    subMeshCount: 0
  m_StaticBatchRoot: {fileID: 0}
  m_ProbeAnchor: {fileID: 0}
  m_LightProbeVolumeOverride: {fileID: 0}
  m_ScaleInLightmap: 1
  m_ReceiveGI: 1
  m_PreserveUVs: 0
  m_IgnoreNormalsForChartDetection: 0
  m_ImportantGI: 0
  m_StitchLightmapSeams: 1
  m_SelectedEditorRenderState: 3
  m_MinimumChartSize: 4
  m_AutoUVMaxDistance: 0.5
  m_AutoUVMaxAngle: 89
  m_LightmapParameters: {fileID: 0}
  m_SortingLayerID: 0
  m_SortingLayer: 0
  m_SortingOrder: 0
  m_AdditionalVertexStreams: {fileID: 0}
--- !u!65 &6935818823531963161
BoxCollider:
  m_ObjectHideFlags: 0
  m_CorrespondingSourceObject: {fileID: 0}
  m_PrefabInstance: {fileID: 0}
  m_PrefabAsset: {fileID: 0}
  m_GameObject: {fileID: 1653920703446119808}
  m_Material: {fileID: 0}
  m_IsTrigger: 0
  m_Enabled: 1
  serializedVersion: 2
  m_Size: {x: 1, y: 1, z: 1}
  m_Center: {x: 0, y: 0, z: 0}
--- !u!1 &2845108307187579507
GameObject:
  m_ObjectHideFlags: 0
  m_CorrespondingSourceObject: {fileID: 0}
  m_PrefabInstance: {fileID: 0}
  m_PrefabAsset: {fileID: 0}
  serializedVersion: 6
  m_Component:
  - component: {fileID: 2919948610060379456}
  - component: {fileID: 2908878019795935359}
  - component: {fileID: 3246659117932425920}
  - component: {fileID: 8964802364794311850}
  m_Layer: 0
  m_Name: Cube (4)
  m_TagString: Untagged
  m_Icon: {fileID: 0}
  m_NavMeshLayer: 0
  m_StaticEditorFlags: 0
  m_IsActive: 1
--- !u!4 &2919948610060379456
Transform:
  m_ObjectHideFlags: 0
  m_CorrespondingSourceObject: {fileID: 0}
  m_PrefabInstance: {fileID: 0}
  m_PrefabAsset: {fileID: 0}
  m_GameObject: {fileID: 2845108307187579507}
  m_LocalRotation: {x: -0, y: -0, z: -0, w: 1}
  m_LocalPosition: {x: -2.289, y: -1.7700002, z: 6.28}
  m_LocalScale: {x: 3.6470647, y: 2.41343, z: 4.06466}
  m_Children: []
  m_Father: {fileID: 1816087815147857551}
  m_RootOrder: 0
  m_LocalEulerAnglesHint: {x: 0, y: 0, z: 0}
--- !u!33 &2908878019795935359
MeshFilter:
  m_ObjectHideFlags: 0
  m_CorrespondingSourceObject: {fileID: 0}
  m_PrefabInstance: {fileID: 0}
  m_PrefabAsset: {fileID: 0}
  m_GameObject: {fileID: 2845108307187579507}
  m_Mesh: {fileID: 10202, guid: 0000000000000000e000000000000000, type: 0}
--- !u!23 &3246659117932425920
MeshRenderer:
  m_ObjectHideFlags: 0
  m_CorrespondingSourceObject: {fileID: 0}
  m_PrefabInstance: {fileID: 0}
  m_PrefabAsset: {fileID: 0}
  m_GameObject: {fileID: 2845108307187579507}
  m_Enabled: 1
  m_CastShadows: 1
  m_ReceiveShadows: 1
  m_DynamicOccludee: 1
  m_MotionVectors: 1
  m_LightProbeUsage: 1
  m_ReflectionProbeUsage: 1
  m_RayTracingMode: 2
  m_RayTraceProcedural: 0
  m_RenderingLayerMask: 1
  m_RendererPriority: 0
  m_Materials:
  - {fileID: 2100000, guid: 06161247dc5f7504a95a8b216d3bfe65, type: 2}
  m_StaticBatchInfo:
    firstSubMesh: 0
    subMeshCount: 0
  m_StaticBatchRoot: {fileID: 0}
  m_ProbeAnchor: {fileID: 0}
  m_LightProbeVolumeOverride: {fileID: 0}
  m_ScaleInLightmap: 1
  m_ReceiveGI: 1
  m_PreserveUVs: 0
  m_IgnoreNormalsForChartDetection: 0
  m_ImportantGI: 0
  m_StitchLightmapSeams: 1
  m_SelectedEditorRenderState: 3
  m_MinimumChartSize: 4
  m_AutoUVMaxDistance: 0.5
  m_AutoUVMaxAngle: 89
  m_LightmapParameters: {fileID: 0}
  m_SortingLayerID: 0
  m_SortingLayer: 0
  m_SortingOrder: 0
  m_AdditionalVertexStreams: {fileID: 0}
--- !u!65 &8964802364794311850
BoxCollider:
  m_ObjectHideFlags: 0
  m_CorrespondingSourceObject: {fileID: 0}
  m_PrefabInstance: {fileID: 0}
  m_PrefabAsset: {fileID: 0}
  m_GameObject: {fileID: 2845108307187579507}
  m_Material: {fileID: 0}
  m_IsTrigger: 0
  m_Enabled: 1
  serializedVersion: 2
  m_Size: {x: 1, y: 1, z: 1}
  m_Center: {x: 0, y: 0, z: 0}
--- !u!1 &2912895001900491304
GameObject:
  m_ObjectHideFlags: 0
  m_CorrespondingSourceObject: {fileID: 0}
  m_PrefabInstance: {fileID: 0}
  m_PrefabAsset: {fileID: 0}
  serializedVersion: 6
  m_Component:
  - component: {fileID: 1612730790396621865}
  - component: {fileID: 4231638144342286949}
  - component: {fileID: 4749118670397357036}
  - component: {fileID: 2709891260361947554}
  m_Layer: 0
  m_Name: Cube (6)
  m_TagString: Untagged
  m_Icon: {fileID: 0}
  m_NavMeshLayer: 0
  m_StaticEditorFlags: 0
  m_IsActive: 1
--- !u!4 &1612730790396621865
Transform:
  m_ObjectHideFlags: 0
  m_CorrespondingSourceObject: {fileID: 0}
  m_PrefabInstance: {fileID: 0}
  m_PrefabAsset: {fileID: 0}
  m_GameObject: {fileID: 2912895001900491304}
  m_LocalRotation: {x: -0, y: -0, z: -0, w: 1}
  m_LocalPosition: {x: -2.18, y: 4.1049995, z: 6.28}
  m_LocalScale: {x: 3.4299023, y: 1.1634296, z: 4.06466}
  m_Children: []
  m_Father: {fileID: 1816087815147857551}
  m_RootOrder: 2
  m_LocalEulerAnglesHint: {x: 0, y: 0, z: 0}
--- !u!33 &4231638144342286949
MeshFilter:
  m_ObjectHideFlags: 0
  m_CorrespondingSourceObject: {fileID: 0}
  m_PrefabInstance: {fileID: 0}
  m_PrefabAsset: {fileID: 0}
  m_GameObject: {fileID: 2912895001900491304}
  m_Mesh: {fileID: 10202, guid: 0000000000000000e000000000000000, type: 0}
--- !u!23 &4749118670397357036
MeshRenderer:
  m_ObjectHideFlags: 0
  m_CorrespondingSourceObject: {fileID: 0}
  m_PrefabInstance: {fileID: 0}
  m_PrefabAsset: {fileID: 0}
  m_GameObject: {fileID: 2912895001900491304}
  m_Enabled: 1
  m_CastShadows: 1
  m_ReceiveShadows: 1
  m_DynamicOccludee: 1
  m_MotionVectors: 1
  m_LightProbeUsage: 1
  m_ReflectionProbeUsage: 1
  m_RayTracingMode: 2
  m_RayTraceProcedural: 0
  m_RenderingLayerMask: 1
  m_RendererPriority: 0
  m_Materials:
  - {fileID: 2100000, guid: 06161247dc5f7504a95a8b216d3bfe65, type: 2}
  m_StaticBatchInfo:
    firstSubMesh: 0
    subMeshCount: 0
  m_StaticBatchRoot: {fileID: 0}
  m_ProbeAnchor: {fileID: 0}
  m_LightProbeVolumeOverride: {fileID: 0}
  m_ScaleInLightmap: 1
  m_ReceiveGI: 1
  m_PreserveUVs: 0
  m_IgnoreNormalsForChartDetection: 0
  m_ImportantGI: 0
  m_StitchLightmapSeams: 1
  m_SelectedEditorRenderState: 3
  m_MinimumChartSize: 4
  m_AutoUVMaxDistance: 0.5
  m_AutoUVMaxAngle: 89
  m_LightmapParameters: {fileID: 0}
  m_SortingLayerID: 0
  m_SortingLayer: 0
  m_SortingOrder: 0
  m_AdditionalVertexStreams: {fileID: 0}
--- !u!65 &2709891260361947554
BoxCollider:
  m_ObjectHideFlags: 0
  m_CorrespondingSourceObject: {fileID: 0}
  m_PrefabInstance: {fileID: 0}
  m_PrefabAsset: {fileID: 0}
  m_GameObject: {fileID: 2912895001900491304}
  m_Material: {fileID: 0}
  m_IsTrigger: 0
  m_Enabled: 1
  serializedVersion: 2
  m_Size: {x: 1, y: 1, z: 1}
  m_Center: {x: 0, y: 0, z: 0}
--- !u!1 &4254906244298291781
GameObject:
  m_ObjectHideFlags: 0
  m_CorrespondingSourceObject: {fileID: 0}
  m_PrefabInstance: {fileID: 0}
  m_PrefabAsset: {fileID: 0}
  serializedVersion: 6
  m_Component:
  - component: {fileID: 4254906244298291834}
  - component: {fileID: 6075534541059193986}
  - component: {fileID: 4254906244298291833}
  - component: {fileID: 3496981381358504041}
  m_Layer: 10
  m_Name: Ship_RoomLayout
  m_TagString: Room
  m_Icon: {fileID: 0}
  m_NavMeshLayer: 0
  m_StaticEditorFlags: 0
  m_IsActive: 1
--- !u!4 &4254906244298291834
Transform:
  m_ObjectHideFlags: 0
  m_CorrespondingSourceObject: {fileID: 0}
  m_PrefabInstance: {fileID: 0}
  m_PrefabAsset: {fileID: 0}
  m_GameObject: {fileID: 4254906244298291781}
  m_LocalRotation: {x: 0, y: 0, z: 0, w: 1}
  m_LocalPosition: {x: 0, y: 0, z: 0}
  m_LocalScale: {x: 1, y: 1, z: 1}
  m_Children:
  - {fileID: 4254906245404095680}
  - {fileID: 1816087815147857551}
  - {fileID: 4254906245171953349}
  - {fileID: 3931589745478208047}
  - {fileID: 3463097166522988376}
  m_Father: {fileID: 0}
  m_RootOrder: 0
  m_LocalEulerAnglesHint: {x: 0, y: 0, z: 0}
--- !u!114 &6075534541059193986
MonoBehaviour:
  m_ObjectHideFlags: 0
  m_CorrespondingSourceObject: {fileID: 0}
  m_PrefabInstance: {fileID: 0}
  m_PrefabAsset: {fileID: 0}
  m_GameObject: {fileID: 4254906244298291781}
  m_Enabled: 1
  m_EditorHideFlags: 0
  m_Script: {fileID: 11500000, guid: b4ee0a88c4e056e44a7f654d572657c3, type: 3}
  m_Name: 
  m_EditorClassIdentifier: 
  breakablesContainer: {fileID: 4254906245171953349}
  innerRoomSize: 29
  showEditorGrid: 1
  gridDivisions: 6
  areaContainer: {fileID: 7531258313417956548}
  prefabEffectArea: {fileID: 7309011544189794438, guid: 9507f2d88ea5aff4b8d7752e5c276525, type: 3}
--- !u!114 &4254906244298291833
MonoBehaviour:
  m_ObjectHideFlags: 0
  m_CorrespondingSourceObject: {fileID: 0}
  m_PrefabInstance: {fileID: 0}
  m_PrefabAsset: {fileID: 0}
  m_GameObject: {fileID: 4254906244298291781}
  m_Enabled: 1
  m_EditorHideFlags: 0
  m_Script: {fileID: 11500000, guid: 36b6e8c55e2af1a4d9097045e6858495, type: 3}
  m_Name: 
  m_EditorClassIdentifier: 
  prefabWall: {fileID: 8070355573848990568, guid: 86d1e31692ee09548b0d0af61f7da4b3, type: 3}
  prefabDoor: {fileID: 2863084849002918478, guid: 6c4ac5962a65ad9438e800f8b28a321b, type: 3}
  ceiling: 0
  leftWall: 1
  rightWall: 1
  floor: 0
--- !u!65 &3496981381358504041
BoxCollider:
  m_ObjectHideFlags: 0
  m_CorrespondingSourceObject: {fileID: 0}
  m_PrefabInstance: {fileID: 0}
  m_PrefabAsset: {fileID: 0}
  m_GameObject: {fileID: 4254906244298291781}
  m_Material: {fileID: 0}
  m_IsTrigger: 1
  m_Enabled: 1
  serializedVersion: 2
  m_Size: {x: 29, y: 29, z: 15}
  m_Center: {x: 0, y: 0, z: 7.5}
--- !u!1 &4254906245171953350
GameObject:
  m_ObjectHideFlags: 0
  m_CorrespondingSourceObject: {fileID: 0}
  m_PrefabInstance: {fileID: 0}
  m_PrefabAsset: {fileID: 0}
  serializedVersion: 6
  m_Component:
  - component: {fileID: 4254906245171953349}
  m_Layer: 0
  m_Name: ContentBreakable
  m_TagString: Untagged
  m_Icon: {fileID: 0}
  m_NavMeshLayer: 0
  m_StaticEditorFlags: 0
  m_IsActive: 1
--- !u!4 &4254906245171953349
Transform:
  m_ObjectHideFlags: 0
  m_CorrespondingSourceObject: {fileID: 0}
  m_PrefabInstance: {fileID: 0}
  m_PrefabAsset: {fileID: 0}
  m_GameObject: {fileID: 4254906245171953350}
  m_LocalRotation: {x: 0, y: 0, z: 0, w: 1}
  m_LocalPosition: {x: 0, y: 0, z: 0}
  m_LocalScale: {x: 1, y: 1, z: 1}
  m_Children:
  - {fileID: 7854591350371145579}
  - {fileID: 8524831769885048297}
  m_Father: {fileID: 4254906244298291834}
  m_RootOrder: 2
  m_LocalEulerAnglesHint: {x: 0, y: 0, z: 0}
--- !u!1 &4254906245404095681
GameObject:
  m_ObjectHideFlags: 0
  m_CorrespondingSourceObject: {fileID: 0}
  m_PrefabInstance: {fileID: 0}
  m_PrefabAsset: {fileID: 0}
  serializedVersion: 6
  m_Component:
  - component: {fileID: 4254906245404095680}
  m_Layer: 0
  m_Name: Essentials
  m_TagString: Untagged
  m_Icon: {fileID: 0}
  m_NavMeshLayer: 0
  m_StaticEditorFlags: 0
  m_IsActive: 1
--- !u!4 &4254906245404095680
Transform:
  m_ObjectHideFlags: 0
  m_CorrespondingSourceObject: {fileID: 0}
  m_PrefabInstance: {fileID: 0}
  m_PrefabAsset: {fileID: 0}
  m_GameObject: {fileID: 4254906245404095681}
  m_LocalRotation: {x: 0, y: 0, z: 0, w: 1}
  m_LocalPosition: {x: 0, y: 0, z: 0}
  m_LocalScale: {x: 1, y: 1, z: 1}
  m_Children:
  - {fileID: 4254906246128974617}
  - {fileID: 7531258313417956548}
  - {fileID: 1716516641950056164}
  m_Father: {fileID: 4254906244298291834}
  m_RootOrder: 0
  m_LocalEulerAnglesHint: {x: 0, y: 0, z: 0}
--- !u!1 &4254906246128974619
GameObject:
  m_ObjectHideFlags: 0
  m_CorrespondingSourceObject: {fileID: 0}
  m_PrefabInstance: {fileID: 0}
  m_PrefabAsset: {fileID: 0}
  serializedVersion: 6
  m_Component:
  - component: {fileID: 4254906246128974617}
  - component: {fileID: 4254906246128974623}
  - component: {fileID: 4254906246128974616}
  m_Layer: 0
  m_Name: RoomBack
  m_TagString: Untagged
  m_Icon: {fileID: 0}
  m_NavMeshLayer: 0
  m_StaticEditorFlags: 0
  m_IsActive: 1
--- !u!4 &4254906246128974617
Transform:
  m_ObjectHideFlags: 0
  m_CorrespondingSourceObject: {fileID: 0}
  m_PrefabInstance: {fileID: 0}
  m_PrefabAsset: {fileID: 0}
  m_GameObject: {fileID: 4254906246128974619}
  m_LocalRotation: {x: -0, y: -0, z: -0, w: 1}
  m_LocalPosition: {x: 0, y: 0, z: 15}
  m_LocalScale: {x: 30, y: 30, z: 1}
  m_Children: []
  m_Father: {fileID: 4254906245404095680}
  m_RootOrder: 0
  m_LocalEulerAnglesHint: {x: 0, y: 0, z: 0}
--- !u!33 &4254906246128974623
MeshFilter:
  m_ObjectHideFlags: 0
  m_CorrespondingSourceObject: {fileID: 0}
  m_PrefabInstance: {fileID: 0}
  m_PrefabAsset: {fileID: 0}
  m_GameObject: {fileID: 4254906246128974619}
  m_Mesh: {fileID: -5385876718130490669, guid: c4afde05e369cb344a07d9ad08eedb07, type: 3}
--- !u!23 &4254906246128974616
MeshRenderer:
  m_ObjectHideFlags: 0
  m_CorrespondingSourceObject: {fileID: 0}
  m_PrefabInstance: {fileID: 0}
  m_PrefabAsset: {fileID: 0}
  m_GameObject: {fileID: 4254906246128974619}
  m_Enabled: 1
  m_CastShadows: 1
  m_ReceiveShadows: 1
  m_DynamicOccludee: 1
  m_MotionVectors: 1
  m_LightProbeUsage: 1
  m_ReflectionProbeUsage: 1
  m_RayTracingMode: 2
  m_RayTraceProcedural: 0
  m_RenderingLayerMask: 1
  m_RendererPriority: 0
  m_Materials:
  - {fileID: 2100000, guid: aabfbb0ae7b596644899315c4c0b51f2, type: 2}
  m_StaticBatchInfo:
    firstSubMesh: 0
    subMeshCount: 0
  m_StaticBatchRoot: {fileID: 0}
  m_ProbeAnchor: {fileID: 0}
  m_LightProbeVolumeOverride: {fileID: 0}
  m_ScaleInLightmap: 1
  m_ReceiveGI: 1
  m_PreserveUVs: 0
  m_IgnoreNormalsForChartDetection: 0
  m_ImportantGI: 0
  m_StitchLightmapSeams: 1
  m_SelectedEditorRenderState: 3
  m_MinimumChartSize: 4
  m_AutoUVMaxDistance: 0.5
  m_AutoUVMaxAngle: 89
  m_LightmapParameters: {fileID: 0}
  m_SortingLayerID: 0
  m_SortingLayer: 0
  m_SortingOrder: 0
  m_AdditionalVertexStreams: {fileID: 0}
--- !u!1 &4338029888755471975
GameObject:
  m_ObjectHideFlags: 0
  m_CorrespondingSourceObject: {fileID: 0}
  m_PrefabInstance: {fileID: 0}
  m_PrefabAsset: {fileID: 0}
  serializedVersion: 6
  m_Component:
  - component: {fileID: 6366542259421467560}
  - component: {fileID: 4538508361046672344}
  - component: {fileID: 7099545785392525741}
  - component: {fileID: 178394700519348124}
  m_Layer: 0
  m_Name: Cube (9)
  m_TagString: Untagged
  m_Icon: {fileID: 0}
  m_NavMeshLayer: 0
  m_StaticEditorFlags: 0
  m_IsActive: 1
--- !u!4 &6366542259421467560
Transform:
  m_ObjectHideFlags: 0
  m_CorrespondingSourceObject: {fileID: 0}
  m_PrefabInstance: {fileID: 0}
  m_PrefabAsset: {fileID: 0}
  m_GameObject: {fileID: 4338029888755471975}
  m_LocalRotation: {x: -0, y: -0, z: -0, w: 1}
  m_LocalPosition: {x: 4.39, y: 0.8584, z: 6.28}
  m_LocalScale: {x: -1.3103889, y: 7.658595, z: 4.06466}
  m_Children: []
  m_Father: {fileID: 1816087815147857551}
  m_RootOrder: 5
  m_LocalEulerAnglesHint: {x: 0, y: 0, z: 0}
--- !u!33 &4538508361046672344
MeshFilter:
  m_ObjectHideFlags: 0
  m_CorrespondingSourceObject: {fileID: 0}
  m_PrefabInstance: {fileID: 0}
  m_PrefabAsset: {fileID: 0}
  m_GameObject: {fileID: 4338029888755471975}
  m_Mesh: {fileID: 10202, guid: 0000000000000000e000000000000000, type: 0}
--- !u!23 &7099545785392525741
MeshRenderer:
  m_ObjectHideFlags: 0
  m_CorrespondingSourceObject: {fileID: 0}
  m_PrefabInstance: {fileID: 0}
  m_PrefabAsset: {fileID: 0}
  m_GameObject: {fileID: 4338029888755471975}
  m_Enabled: 1
  m_CastShadows: 1
  m_ReceiveShadows: 1
  m_DynamicOccludee: 1
  m_MotionVectors: 1
  m_LightProbeUsage: 1
  m_ReflectionProbeUsage: 1
  m_RayTracingMode: 2
  m_RayTraceProcedural: 0
  m_RenderingLayerMask: 1
  m_RendererPriority: 0
  m_Materials:
  - {fileID: 2100000, guid: 06161247dc5f7504a95a8b216d3bfe65, type: 2}
  m_StaticBatchInfo:
    firstSubMesh: 0
    subMeshCount: 0
  m_StaticBatchRoot: {fileID: 0}
  m_ProbeAnchor: {fileID: 0}
  m_LightProbeVolumeOverride: {fileID: 0}
  m_ScaleInLightmap: 1
  m_ReceiveGI: 1
  m_PreserveUVs: 0
  m_IgnoreNormalsForChartDetection: 0
  m_ImportantGI: 0
  m_StitchLightmapSeams: 1
  m_SelectedEditorRenderState: 3
  m_MinimumChartSize: 4
  m_AutoUVMaxDistance: 0.5
  m_AutoUVMaxAngle: 89
  m_LightmapParameters: {fileID: 0}
  m_SortingLayerID: 0
  m_SortingLayer: 0
  m_SortingOrder: 0
  m_AdditionalVertexStreams: {fileID: 0}
--- !u!65 &178394700519348124
BoxCollider:
  m_ObjectHideFlags: 0
  m_CorrespondingSourceObject: {fileID: 0}
  m_PrefabInstance: {fileID: 0}
  m_PrefabAsset: {fileID: 0}
  m_GameObject: {fileID: 4338029888755471975}
  m_Material: {fileID: 0}
  m_IsTrigger: 0
  m_Enabled: 1
  serializedVersion: 2
  m_Size: {x: 1, y: 1, z: 1}
  m_Center: {x: 0, y: 0, z: 0}
--- !u!1 &4987731399602954983
GameObject:
  m_ObjectHideFlags: 0
  m_CorrespondingSourceObject: {fileID: 0}
  m_PrefabInstance: {fileID: 0}
  m_PrefabAsset: {fileID: 0}
  serializedVersion: 6
  m_Component:
  - component: {fileID: 2406321586768117741}
  - component: {fileID: 1746751566754385649}
  - component: {fileID: 1254003468189294036}
  - component: {fileID: 5865291874083903545}
  m_Layer: 0
  m_Name: RoomWall(Clone)
  m_TagString: Untagged
  m_Icon: {fileID: 0}
  m_NavMeshLayer: 0
  m_StaticEditorFlags: 0
  m_IsActive: 1
--- !u!4 &2406321586768117741
Transform:
  m_ObjectHideFlags: 0
  m_CorrespondingSourceObject: {fileID: 0}
  m_PrefabInstance: {fileID: 0}
  m_PrefabAsset: {fileID: 0}
  m_GameObject: {fileID: 4987731399602954983}
  m_LocalRotation: {x: -0, y: -0, z: -0, w: 1}
  m_LocalPosition: {x: 0, y: 0, z: 0}
  m_LocalScale: {x: 1, y: 1, z: 1}
  m_Children: []
  m_Father: {fileID: 1716516641950056164}
  m_RootOrder: 0
  m_LocalEulerAnglesHint: {x: 0, y: 0, z: 0}
--- !u!33 &1746751566754385649
MeshFilter:
  m_ObjectHideFlags: 0
  m_CorrespondingSourceObject: {fileID: 0}
  m_PrefabInstance: {fileID: 0}
  m_PrefabAsset: {fileID: 0}
  m_GameObject: {fileID: 4987731399602954983}
  m_Mesh: {fileID: 8733429697405204941, guid: 381f77b8dff20bc49bfda6ec670b9689, type: 3}
--- !u!23 &1254003468189294036
MeshRenderer:
  m_ObjectHideFlags: 0
  m_CorrespondingSourceObject: {fileID: 0}
  m_PrefabInstance: {fileID: 0}
  m_PrefabAsset: {fileID: 0}
  m_GameObject: {fileID: 4987731399602954983}
  m_Enabled: 1
  m_CastShadows: 1
  m_ReceiveShadows: 1
  m_DynamicOccludee: 1
  m_MotionVectors: 1
  m_LightProbeUsage: 1
  m_ReflectionProbeUsage: 1
  m_RayTracingMode: 2
  m_RayTraceProcedural: 0
  m_RenderingLayerMask: 1
  m_RendererPriority: 0
  m_Materials:
  - {fileID: 2100000, guid: 0eba69314dfdbe943ba9848f6d29a4a9, type: 2}
  m_StaticBatchInfo:
    firstSubMesh: 0
    subMeshCount: 0
  m_StaticBatchRoot: {fileID: 0}
  m_ProbeAnchor: {fileID: 0}
  m_LightProbeVolumeOverride: {fileID: 0}
  m_ScaleInLightmap: 1
  m_ReceiveGI: 1
  m_PreserveUVs: 0
  m_IgnoreNormalsForChartDetection: 0
  m_ImportantGI: 0
  m_StitchLightmapSeams: 1
  m_SelectedEditorRenderState: 3
  m_MinimumChartSize: 4
  m_AutoUVMaxDistance: 0.5
  m_AutoUVMaxAngle: 89
  m_LightmapParameters: {fileID: 0}
  m_SortingLayerID: 0
  m_SortingLayer: 0
  m_SortingOrder: 0
  m_AdditionalVertexStreams: {fileID: 0}
--- !u!65 &5865291874083903545
BoxCollider:
  m_ObjectHideFlags: 0
  m_CorrespondingSourceObject: {fileID: 0}
  m_PrefabInstance: {fileID: 0}
  m_PrefabAsset: {fileID: 0}
  m_GameObject: {fileID: 4987731399602954983}
  m_Material: {fileID: 0}
  m_IsTrigger: 0
  m_Enabled: 1
  serializedVersion: 2
  m_Size: {x: 30, y: 0.5, z: 16}
  m_Center: {x: 0, y: 14.749999, z: 8}
--- !u!1 &5560105012617824213
GameObject:
  m_ObjectHideFlags: 0
  m_CorrespondingSourceObject: {fileID: 0}
  m_PrefabInstance: {fileID: 0}
  m_PrefabAsset: {fileID: 0}
  serializedVersion: 6
  m_Component:
  - component: {fileID: 7531258313417956548}
  m_Layer: 0
  m_Name: EffectAreaContainer
  m_TagString: Untagged
  m_Icon: {fileID: 0}
  m_NavMeshLayer: 0
  m_StaticEditorFlags: 0
  m_IsActive: 1
--- !u!4 &7531258313417956548
Transform:
  m_ObjectHideFlags: 0
  m_CorrespondingSourceObject: {fileID: 0}
  m_PrefabInstance: {fileID: 0}
  m_PrefabAsset: {fileID: 0}
  m_GameObject: {fileID: 5560105012617824213}
  m_LocalRotation: {x: 0, y: 0, z: 0, w: 1}
  m_LocalPosition: {x: 0, y: 0, z: 0}
  m_LocalScale: {x: 1, y: 1, z: 1}
  m_Children: []
  m_Father: {fileID: 4254906245404095680}
  m_RootOrder: 1
  m_LocalEulerAnglesHint: {x: 0, y: 0, z: 0}
--- !u!1 &5977060067731893125
GameObject:
  m_ObjectHideFlags: 0
  m_CorrespondingSourceObject: {fileID: 0}
  m_PrefabInstance: {fileID: 0}
  m_PrefabAsset: {fileID: 0}
  serializedVersion: 6
  m_Component:
  - component: {fileID: 3499482081826926526}
  - component: {fileID: 6185329689356363112}
  - component: {fileID: 9053730560915112300}
  - component: {fileID: 1685464473698576035}
  - component: {fileID: 1429175271723166369}
  m_Layer: 0
  m_Name: RoomDoor(Clone)
  m_TagString: Untagged
  m_Icon: {fileID: 0}
  m_NavMeshLayer: 0
  m_StaticEditorFlags: 0
  m_IsActive: 1
--- !u!4 &3499482081826926526
Transform:
  m_ObjectHideFlags: 0
  m_CorrespondingSourceObject: {fileID: 0}
  m_PrefabInstance: {fileID: 0}
  m_PrefabAsset: {fileID: 0}
  m_GameObject: {fileID: 5977060067731893125}
  m_LocalRotation: {x: -0, y: -0, z: -0.7071068, w: 0.7071068}
  m_LocalPosition: {x: 0, y: 0, z: 0}
  m_LocalScale: {x: 1, y: 1, z: 1}
  m_Children: []
  m_Father: {fileID: 1716516641950056164}
  m_RootOrder: 2
  m_LocalEulerAnglesHint: {x: 0, y: 0, z: 0}
--- !u!33 &6185329689356363112
MeshFilter:
  m_ObjectHideFlags: 0
  m_CorrespondingSourceObject: {fileID: 0}
  m_PrefabInstance: {fileID: 0}
  m_PrefabAsset: {fileID: 0}
  m_GameObject: {fileID: 5977060067731893125}
  m_Mesh: {fileID: 2619086233303812490, guid: a3ab09ea99476244e8e05bdfd58c75f7, type: 3}
--- !u!23 &9053730560915112300
MeshRenderer:
  m_ObjectHideFlags: 0
  m_CorrespondingSourceObject: {fileID: 0}
  m_PrefabInstance: {fileID: 0}
  m_PrefabAsset: {fileID: 0}
  m_GameObject: {fileID: 5977060067731893125}
  m_Enabled: 1
  m_CastShadows: 1
  m_ReceiveShadows: 1
  m_DynamicOccludee: 1
  m_MotionVectors: 1
  m_LightProbeUsage: 1
  m_ReflectionProbeUsage: 1
  m_RayTracingMode: 2
  m_RayTraceProcedural: 0
  m_RenderingLayerMask: 1
  m_RendererPriority: 0
  m_Materials:
  - {fileID: 2100000, guid: 0eba69314dfdbe943ba9848f6d29a4a9, type: 2}
  m_StaticBatchInfo:
    firstSubMesh: 0
    subMeshCount: 0
  m_StaticBatchRoot: {fileID: 0}
  m_ProbeAnchor: {fileID: 0}
  m_LightProbeVolumeOverride: {fileID: 0}
  m_ScaleInLightmap: 1
  m_ReceiveGI: 1
  m_PreserveUVs: 0
  m_IgnoreNormalsForChartDetection: 0
  m_ImportantGI: 0
  m_StitchLightmapSeams: 1
  m_SelectedEditorRenderState: 3
  m_MinimumChartSize: 4
  m_AutoUVMaxDistance: 0.5
  m_AutoUVMaxAngle: 89
  m_LightmapParameters: {fileID: 0}
  m_SortingLayerID: 0
  m_SortingLayer: 0
  m_SortingOrder: 0
  m_AdditionalVertexStreams: {fileID: 0}
--- !u!65 &1685464473698576035
BoxCollider:
  m_ObjectHideFlags: 0
  m_CorrespondingSourceObject: {fileID: 0}
  m_PrefabInstance: {fileID: 0}
  m_PrefabAsset: {fileID: 0}
  m_GameObject: {fileID: 5977060067731893125}
  m_Material: {fileID: 0}
  m_IsTrigger: 0
  m_Enabled: 1
  serializedVersion: 2
  m_Size: {x: 12, y: 0.5, z: 16.000004}
  m_Center: {x: -9, y: 14.749999, z: 8}
--- !u!65 &1429175271723166369
BoxCollider:
  m_ObjectHideFlags: 0
  m_CorrespondingSourceObject: {fileID: 0}
  m_PrefabInstance: {fileID: 0}
  m_PrefabAsset: {fileID: 0}
  m_GameObject: {fileID: 5977060067731893125}
  m_Material: {fileID: 0}
  m_IsTrigger: 0
  m_Enabled: 1
  serializedVersion: 2
  m_Size: {x: 12, y: 0.5, z: 16.000004}
  m_Center: {x: 9, y: 14.749999, z: 8}
--- !u!1 &6987235111601171155
GameObject:
  m_ObjectHideFlags: 0
  m_CorrespondingSourceObject: {fileID: 0}
  m_PrefabInstance: {fileID: 0}
  m_PrefabAsset: {fileID: 0}
  serializedVersion: 6
  m_Component:
  - component: {fileID: 6766775972217098779}
  - component: {fileID: 5703501317506718335}
  - component: {fileID: 5464059757977454797}
  - component: {fileID: 1287918405885795473}
  m_Layer: 0
  m_Name: RoomWall(Clone)
  m_TagString: Untagged
  m_Icon: {fileID: 0}
  m_NavMeshLayer: 0
  m_StaticEditorFlags: 0
  m_IsActive: 1
--- !u!4 &6766775972217098779
Transform:
  m_ObjectHideFlags: 0
  m_CorrespondingSourceObject: {fileID: 0}
  m_PrefabInstance: {fileID: 0}
  m_PrefabAsset: {fileID: 0}
  m_GameObject: {fileID: 6987235111601171155}
  m_LocalRotation: {x: -0, y: -0, z: 1, w: -0.00000004371139}
  m_LocalPosition: {x: 0, y: 0, z: 0}
  m_LocalScale: {x: 1, y: 1, z: 1}
  m_Children: []
  m_Father: {fileID: 1716516641950056164}
  m_RootOrder: 3
  m_LocalEulerAnglesHint: {x: 0, y: 0, z: 0}
--- !u!33 &5703501317506718335
MeshFilter:
  m_ObjectHideFlags: 0
  m_CorrespondingSourceObject: {fileID: 0}
  m_PrefabInstance: {fileID: 0}
  m_PrefabAsset: {fileID: 0}
  m_GameObject: {fileID: 6987235111601171155}
  m_Mesh: {fileID: 8733429697405204941, guid: 381f77b8dff20bc49bfda6ec670b9689, type: 3}
--- !u!23 &5464059757977454797
MeshRenderer:
  m_ObjectHideFlags: 0
  m_CorrespondingSourceObject: {fileID: 0}
  m_PrefabInstance: {fileID: 0}
  m_PrefabAsset: {fileID: 0}
  m_GameObject: {fileID: 6987235111601171155}
  m_Enabled: 1
  m_CastShadows: 1
  m_ReceiveShadows: 1
  m_DynamicOccludee: 1
  m_MotionVectors: 1
  m_LightProbeUsage: 1
  m_ReflectionProbeUsage: 1
  m_RayTracingMode: 2
  m_RayTraceProcedural: 0
  m_RenderingLayerMask: 1
  m_RendererPriority: 0
  m_Materials:
  - {fileID: 2100000, guid: 0eba69314dfdbe943ba9848f6d29a4a9, type: 2}
  m_StaticBatchInfo:
    firstSubMesh: 0
    subMeshCount: 0
  m_StaticBatchRoot: {fileID: 0}
  m_ProbeAnchor: {fileID: 0}
  m_LightProbeVolumeOverride: {fileID: 0}
  m_ScaleInLightmap: 1
  m_ReceiveGI: 1
  m_PreserveUVs: 0
  m_IgnoreNormalsForChartDetection: 0
  m_ImportantGI: 0
  m_StitchLightmapSeams: 1
  m_SelectedEditorRenderState: 3
  m_MinimumChartSize: 4
  m_AutoUVMaxDistance: 0.5
  m_AutoUVMaxAngle: 89
  m_LightmapParameters: {fileID: 0}
  m_SortingLayerID: 0
  m_SortingLayer: 0
  m_SortingOrder: 0
  m_AdditionalVertexStreams: {fileID: 0}
--- !u!65 &1287918405885795473
BoxCollider:
  m_ObjectHideFlags: 0
  m_CorrespondingSourceObject: {fileID: 0}
  m_PrefabInstance: {fileID: 0}
  m_PrefabAsset: {fileID: 0}
  m_GameObject: {fileID: 6987235111601171155}
  m_Material: {fileID: 0}
  m_IsTrigger: 0
  m_Enabled: 1
  serializedVersion: 2
  m_Size: {x: 30, y: 0.5, z: 16}
  m_Center: {x: 0, y: 14.749999, z: 8}
--- !u!1 &7077034892233576652
GameObject:
  m_ObjectHideFlags: 0
  m_CorrespondingSourceObject: {fileID: 0}
  m_PrefabInstance: {fileID: 0}
  m_PrefabAsset: {fileID: 0}
  serializedVersion: 6
  m_Component:
  - component: {fileID: 6987389941208716725}
  - component: {fileID: 3417673916201748352}
  - component: {fileID: 1484642176229798570}
  - component: {fileID: 2535172412180463810}
  m_Layer: 0
  m_Name: Cube (7)
  m_TagString: Untagged
  m_Icon: {fileID: 0}
  m_NavMeshLayer: 0
  m_StaticEditorFlags: 0
  m_IsActive: 1
--- !u!4 &6987389941208716725
Transform:
  m_ObjectHideFlags: 0
  m_CorrespondingSourceObject: {fileID: 0}
  m_PrefabInstance: {fileID: 0}
  m_PrefabAsset: {fileID: 0}
  m_GameObject: {fileID: 7077034892233576652}
  m_LocalRotation: {x: -0, y: -0, z: -0, w: 1}
  m_LocalPosition: {x: 2.127, y: 4.105, z: 6.28}
  m_LocalScale: {x: 3.2852242, y: 1.1634296, z: 4.06466}
  m_Children: []
  m_Father: {fileID: 1816087815147857551}
  m_RootOrder: 3
  m_LocalEulerAnglesHint: {x: 0, y: 0, z: 0}
--- !u!33 &3417673916201748352
MeshFilter:
  m_ObjectHideFlags: 0
  m_CorrespondingSourceObject: {fileID: 0}
  m_PrefabInstance: {fileID: 0}
  m_PrefabAsset: {fileID: 0}
  m_GameObject: {fileID: 7077034892233576652}
  m_Mesh: {fileID: 10202, guid: 0000000000000000e000000000000000, type: 0}
--- !u!23 &1484642176229798570
MeshRenderer:
  m_ObjectHideFlags: 0
  m_CorrespondingSourceObject: {fileID: 0}
  m_PrefabInstance: {fileID: 0}
  m_PrefabAsset: {fileID: 0}
  m_GameObject: {fileID: 7077034892233576652}
  m_Enabled: 1
  m_CastShadows: 1
  m_ReceiveShadows: 1
  m_DynamicOccludee: 1
  m_MotionVectors: 1
  m_LightProbeUsage: 1
  m_ReflectionProbeUsage: 1
  m_RayTracingMode: 2
  m_RayTraceProcedural: 0
  m_RenderingLayerMask: 1
  m_RendererPriority: 0
  m_Materials:
  - {fileID: 2100000, guid: 06161247dc5f7504a95a8b216d3bfe65, type: 2}
  m_StaticBatchInfo:
    firstSubMesh: 0
    subMeshCount: 0
  m_StaticBatchRoot: {fileID: 0}
  m_ProbeAnchor: {fileID: 0}
  m_LightProbeVolumeOverride: {fileID: 0}
  m_ScaleInLightmap: 1
  m_ReceiveGI: 1
  m_PreserveUVs: 0
  m_IgnoreNormalsForChartDetection: 0
  m_ImportantGI: 0
  m_StitchLightmapSeams: 1
  m_SelectedEditorRenderState: 3
  m_MinimumChartSize: 4
  m_AutoUVMaxDistance: 0.5
  m_AutoUVMaxAngle: 89
  m_LightmapParameters: {fileID: 0}
  m_SortingLayerID: 0
  m_SortingLayer: 0
  m_SortingOrder: 0
  m_AdditionalVertexStreams: {fileID: 0}
--- !u!65 &2535172412180463810
BoxCollider:
  m_ObjectHideFlags: 0
  m_CorrespondingSourceObject: {fileID: 0}
  m_PrefabInstance: {fileID: 0}
  m_PrefabAsset: {fileID: 0}
  m_GameObject: {fileID: 7077034892233576652}
  m_Material: {fileID: 0}
  m_IsTrigger: 0
  m_Enabled: 1
  serializedVersion: 2
  m_Size: {x: 1, y: 1, z: 1}
  m_Center: {x: 0, y: 0, z: 0}
--- !u!1 &7738053800263421739
GameObject:
  m_ObjectHideFlags: 0
  m_CorrespondingSourceObject: {fileID: 0}
  m_PrefabInstance: {fileID: 0}
  m_PrefabAsset: {fileID: 0}
  serializedVersion: 6
  m_Component:
  - component: {fileID: 979049512932219267}
  - component: {fileID: 3494691538400123651}
  - component: {fileID: 9118751235533129148}
  - component: {fileID: 3508881683131934554}
  - component: {fileID: 6168799804035588886}
  m_Layer: 0
  m_Name: RoomDoor(Clone)
  m_TagString: Untagged
  m_Icon: {fileID: 0}
  m_NavMeshLayer: 0
  m_StaticEditorFlags: 0
  m_IsActive: 1
--- !u!4 &979049512932219267
Transform:
  m_ObjectHideFlags: 0
  m_CorrespondingSourceObject: {fileID: 0}
  m_PrefabInstance: {fileID: 0}
  m_PrefabAsset: {fileID: 0}
  m_GameObject: {fileID: 7738053800263421739}
  m_LocalRotation: {x: -0, y: -0, z: 0.7071068, w: 0.7071068}
  m_LocalPosition: {x: 0, y: 0, z: 0}
  m_LocalScale: {x: 1, y: 1, z: 1}
  m_Children: []
  m_Father: {fileID: 1716516641950056164}
  m_RootOrder: 1
  m_LocalEulerAnglesHint: {x: 0, y: 0, z: 0}
--- !u!33 &3494691538400123651
MeshFilter:
  m_ObjectHideFlags: 0
  m_CorrespondingSourceObject: {fileID: 0}
  m_PrefabInstance: {fileID: 0}
  m_PrefabAsset: {fileID: 0}
  m_GameObject: {fileID: 7738053800263421739}
  m_Mesh: {fileID: 2619086233303812490, guid: a3ab09ea99476244e8e05bdfd58c75f7, type: 3}
--- !u!23 &9118751235533129148
MeshRenderer:
  m_ObjectHideFlags: 0
  m_CorrespondingSourceObject: {fileID: 0}
  m_PrefabInstance: {fileID: 0}
  m_PrefabAsset: {fileID: 0}
  m_GameObject: {fileID: 7738053800263421739}
  m_Enabled: 1
  m_CastShadows: 1
  m_ReceiveShadows: 1
  m_DynamicOccludee: 1
  m_MotionVectors: 1
  m_LightProbeUsage: 1
  m_ReflectionProbeUsage: 1
  m_RayTracingMode: 2
  m_RayTraceProcedural: 0
  m_RenderingLayerMask: 1
  m_RendererPriority: 0
  m_Materials:
  - {fileID: 2100000, guid: 0eba69314dfdbe943ba9848f6d29a4a9, type: 2}
  m_StaticBatchInfo:
    firstSubMesh: 0
    subMeshCount: 0
  m_StaticBatchRoot: {fileID: 0}
  m_ProbeAnchor: {fileID: 0}
  m_LightProbeVolumeOverride: {fileID: 0}
  m_ScaleInLightmap: 1
  m_ReceiveGI: 1
  m_PreserveUVs: 0
  m_IgnoreNormalsForChartDetection: 0
  m_ImportantGI: 0
  m_StitchLightmapSeams: 1
  m_SelectedEditorRenderState: 3
  m_MinimumChartSize: 4
  m_AutoUVMaxDistance: 0.5
  m_AutoUVMaxAngle: 89
  m_LightmapParameters: {fileID: 0}
  m_SortingLayerID: 0
  m_SortingLayer: 0
  m_SortingOrder: 0
  m_AdditionalVertexStreams: {fileID: 0}
--- !u!65 &3508881683131934554
BoxCollider:
  m_ObjectHideFlags: 0
  m_CorrespondingSourceObject: {fileID: 0}
  m_PrefabInstance: {fileID: 0}
  m_PrefabAsset: {fileID: 0}
  m_GameObject: {fileID: 7738053800263421739}
  m_Material: {fileID: 0}
  m_IsTrigger: 0
  m_Enabled: 1
  serializedVersion: 2
  m_Size: {x: 12, y: 0.5, z: 16.000004}
  m_Center: {x: -9, y: 14.749999, z: 8}
--- !u!65 &6168799804035588886
BoxCollider:
  m_ObjectHideFlags: 0
  m_CorrespondingSourceObject: {fileID: 0}
  m_PrefabInstance: {fileID: 0}
  m_PrefabAsset: {fileID: 0}
  m_GameObject: {fileID: 7738053800263421739}
  m_Material: {fileID: 0}
  m_IsTrigger: 0
  m_Enabled: 1
  serializedVersion: 2
  m_Size: {x: 12, y: 0.5, z: 16.000004}
  m_Center: {x: 9, y: 14.749999, z: 8}
--- !u!1 &7770707354372467259
GameObject:
  m_ObjectHideFlags: 0
  m_CorrespondingSourceObject: {fileID: 0}
  m_PrefabInstance: {fileID: 0}
  m_PrefabAsset: {fileID: 0}
  serializedVersion: 6
  m_Component:
  - component: {fileID: 1716516641950056164}
  m_Layer: 0
  m_Name: WallContainer
  m_TagString: Untagged
  m_Icon: {fileID: 0}
  m_NavMeshLayer: 0
  m_StaticEditorFlags: 0
  m_IsActive: 1
--- !u!4 &1716516641950056164
Transform:
  m_ObjectHideFlags: 0
  m_CorrespondingSourceObject: {fileID: 0}
  m_PrefabInstance: {fileID: 0}
  m_PrefabAsset: {fileID: 0}
  m_GameObject: {fileID: 7770707354372467259}
  m_LocalRotation: {x: -0, y: -0, z: -0, w: 1}
  m_LocalPosition: {x: 0, y: 0, z: 0}
  m_LocalScale: {x: 1, y: 1, z: 1}
  m_Children:
  - {fileID: 2406321586768117741}
  - {fileID: 979049512932219267}
  - {fileID: 3499482081826926526}
  - {fileID: 6766775972217098779}
  m_Father: {fileID: 4254906245404095680}
  m_RootOrder: 2
  m_LocalEulerAnglesHint: {x: 0, y: 0, z: 0}
--- !u!1 &9186359278798238377
GameObject:
  m_ObjectHideFlags: 0
  m_CorrespondingSourceObject: {fileID: 0}
  m_PrefabInstance: {fileID: 0}
  m_PrefabAsset: {fileID: 0}
  serializedVersion: 6
  m_Component:
  - component: {fileID: 1803323936981848246}
  - component: {fileID: 7866736594854641910}
  - component: {fileID: 8774738219719641285}
  - component: {fileID: 1754063180333673447}
  m_Layer: 0
  m_Name: Cube
  m_TagString: Untagged
  m_Icon: {fileID: 0}
  m_NavMeshLayer: 0
  m_StaticEditorFlags: 0
  m_IsActive: 1
--- !u!4 &1803323936981848246
Transform:
  m_ObjectHideFlags: 0
  m_CorrespondingSourceObject: {fileID: 0}
  m_PrefabInstance: {fileID: 0}
  m_PrefabAsset: {fileID: 0}
  m_GameObject: {fileID: 9186359278798238377}
  m_LocalRotation: {x: -0, y: -0, z: -0, w: 1}
  m_LocalPosition: {x: 13.143, y: -3.518, z: 3.83}
  m_LocalScale: {x: 2.6947434, y: 0.9999996, z: 7.567155}
  m_Children: []
  m_Father: {fileID: 1816087815147857551}
  m_RootOrder: 6
  m_LocalEulerAnglesHint: {x: 0, y: 0, z: 0}
--- !u!33 &7866736594854641910
MeshFilter:
  m_ObjectHideFlags: 0
  m_CorrespondingSourceObject: {fileID: 0}
  m_PrefabInstance: {fileID: 0}
  m_PrefabAsset: {fileID: 0}
  m_GameObject: {fileID: 9186359278798238377}
  m_Mesh: {fileID: 10202, guid: 0000000000000000e000000000000000, type: 0}
--- !u!23 &8774738219719641285
MeshRenderer:
  m_ObjectHideFlags: 0
  m_CorrespondingSourceObject: {fileID: 0}
  m_PrefabInstance: {fileID: 0}
  m_PrefabAsset: {fileID: 0}
  m_GameObject: {fileID: 9186359278798238377}
  m_Enabled: 1
  m_CastShadows: 1
  m_ReceiveShadows: 1
  m_DynamicOccludee: 1
  m_MotionVectors: 1
  m_LightProbeUsage: 1
  m_ReflectionProbeUsage: 1
  m_RayTracingMode: 2
  m_RayTraceProcedural: 0
  m_RenderingLayerMask: 1
  m_RendererPriority: 0
  m_Materials:
  - {fileID: 10303, guid: 0000000000000000f000000000000000, type: 0}
  m_StaticBatchInfo:
    firstSubMesh: 0
    subMeshCount: 0
  m_StaticBatchRoot: {fileID: 0}
  m_ProbeAnchor: {fileID: 0}
  m_LightProbeVolumeOverride: {fileID: 0}
  m_ScaleInLightmap: 1
  m_ReceiveGI: 1
  m_PreserveUVs: 0
  m_IgnoreNormalsForChartDetection: 0
  m_ImportantGI: 0
  m_StitchLightmapSeams: 1
  m_SelectedEditorRenderState: 3
  m_MinimumChartSize: 4
  m_AutoUVMaxDistance: 0.5
  m_AutoUVMaxAngle: 89
  m_LightmapParameters: {fileID: 0}
  m_SortingLayerID: 0
  m_SortingLayer: 0
  m_SortingOrder: 0
  m_AdditionalVertexStreams: {fileID: 0}
--- !u!65 &1754063180333673447
BoxCollider:
  m_ObjectHideFlags: 0
  m_CorrespondingSourceObject: {fileID: 0}
  m_PrefabInstance: {fileID: 0}
  m_PrefabAsset: {fileID: 0}
  m_GameObject: {fileID: 9186359278798238377}
  m_Material: {fileID: 0}
  m_IsTrigger: 0
  m_Enabled: 1
  serializedVersion: 2
  m_Size: {x: 1, y: 1, z: 1}
  m_Center: {x: 0, y: 0, z: 0}
--- !u!1001 &658525021662900954
PrefabInstance:
  m_ObjectHideFlags: 0
  serializedVersion: 2
  m_Modification:
    m_TransformParent: {fileID: 4254906244298291834}
    m_Modifications:
    - target: {fileID: 4119924507830896000, guid: ecfa8bfd94fe36c4c9f4a906fdfb2c7b, type: 3}
      propertyPath: moduleEffects.Array.size
      value: 2
      objectReference: {fileID: 0}
    - target: {fileID: 4119924507830896000, guid: ecfa8bfd94fe36c4c9f4a906fdfb2c7b, type: 3}
      propertyPath: moduleEffects.Array.data[0].effect
      value: 7
      objectReference: {fileID: 0}
    - target: {fileID: 4119924507830896000, guid: ecfa8bfd94fe36c4c9f4a906fdfb2c7b, type: 3}
      propertyPath: moduleEffects.Array.data[0].coords.x
      value: 2
      objectReference: {fileID: 0}
    - target: {fileID: 4119924507830896000, guid: ecfa8bfd94fe36c4c9f4a906fdfb2c7b, type: 3}
      propertyPath: moduleEffects.Array.data[0].coords.y
      value: 4
      objectReference: {fileID: 0}
    - target: {fileID: 4119924507830896000, guid: ecfa8bfd94fe36c4c9f4a906fdfb2c7b, type: 3}
      propertyPath: moduleEffects.Array.data[1].effect
      value: 7
      objectReference: {fileID: 0}
    - target: {fileID: 4119924507830896000, guid: ecfa8bfd94fe36c4c9f4a906fdfb2c7b, type: 3}
      propertyPath: moduleEffects.Array.data[1].coords.y
      value: 4
      objectReference: {fileID: 0}
    - target: {fileID: 4119924507830896000, guid: ecfa8bfd94fe36c4c9f4a906fdfb2c7b, type: 3}
      propertyPath: moduleEffects.Array.data[1].coords.x
      value: 3
      objectReference: {fileID: 0}
    - target: {fileID: 4119924507830896000, guid: ecfa8bfd94fe36c4c9f4a906fdfb2c7b, type: 3}
      propertyPath: moduleEffects.Array.data[2].effect
      value: 4
      objectReference: {fileID: 0}
    - target: {fileID: 4119924507830896000, guid: ecfa8bfd94fe36c4c9f4a906fdfb2c7b, type: 3}
      propertyPath: moduleEffects.Array.data[2].coords.x
      value: 2
      objectReference: {fileID: 0}
    - target: {fileID: 4119924507830896000, guid: ecfa8bfd94fe36c4c9f4a906fdfb2c7b, type: 3}
      propertyPath: moduleEffects.Array.data[2].coords.y
      value: 1
      objectReference: {fileID: 0}
    - target: {fileID: 4119924507830896000, guid: ecfa8bfd94fe36c4c9f4a906fdfb2c7b, type: 3}
      propertyPath: moduleEffects.Array.data[3].effect
      value: 4
      objectReference: {fileID: 0}
    - target: {fileID: 4119924507830896000, guid: ecfa8bfd94fe36c4c9f4a906fdfb2c7b, type: 3}
      propertyPath: moduleEffects.Array.data[3].coords.x
      value: 3
      objectReference: {fileID: 0}
    - target: {fileID: 4119924507830896000, guid: ecfa8bfd94fe36c4c9f4a906fdfb2c7b, type: 3}
      propertyPath: moduleEffects.Array.data[3].coords.y
      value: 1
      objectReference: {fileID: 0}
    - target: {fileID: 4119924507830896000, guid: ecfa8bfd94fe36c4c9f4a906fdfb2c7b, type: 3}
      propertyPath: moduleEffects.Array.data[4].effect
      value: 4
      objectReference: {fileID: 0}
    - target: {fileID: 4119924507830896000, guid: ecfa8bfd94fe36c4c9f4a906fdfb2c7b, type: 3}
      propertyPath: moduleEffects.Array.data[4].coords.x
      value: 4
      objectReference: {fileID: 0}
    - target: {fileID: 4119924507830896000, guid: ecfa8bfd94fe36c4c9f4a906fdfb2c7b, type: 3}
      propertyPath: moduleEffects.Array.data[4].coords.y
      value: 1
      objectReference: {fileID: 0}
    - target: {fileID: 4119924507830896000, guid: ecfa8bfd94fe36c4c9f4a906fdfb2c7b, type: 3}
      propertyPath: moduleEffects.Array.data[5].effect
      value: 4
      objectReference: {fileID: 0}
    - target: {fileID: 4119924507830896000, guid: ecfa8bfd94fe36c4c9f4a906fdfb2c7b, type: 3}
      propertyPath: moduleEffects.Array.data[5].coords.x
      value: 5
      objectReference: {fileID: 0}
    - target: {fileID: 4119924507830896000, guid: ecfa8bfd94fe36c4c9f4a906fdfb2c7b, type: 3}
      propertyPath: moduleEffects.Array.data[5].coords.y
      value: 1
      objectReference: {fileID: 0}
    - target: {fileID: 4119924507830896000, guid: ecfa8bfd94fe36c4c9f4a906fdfb2c7b, type: 3}
      propertyPath: moduleEffects.Array.data[6].effect
      value: 4
      objectReference: {fileID: 0}
    - target: {fileID: 4119924507830896000, guid: ecfa8bfd94fe36c4c9f4a906fdfb2c7b, type: 3}
      propertyPath: moduleEffects.Array.data[6].coords.x
      value: 5
      objectReference: {fileID: 0}
    - target: {fileID: 4119924507830896000, guid: ecfa8bfd94fe36c4c9f4a906fdfb2c7b, type: 3}
      propertyPath: moduleEffects.Array.data[6].coords.y
      value: 0
      objectReference: {fileID: 0}
    - target: {fileID: 4119924507830896000, guid: ecfa8bfd94fe36c4c9f4a906fdfb2c7b, type: 3}
      propertyPath: moduleEffects.Array.data[7].effect
      value: 4
      objectReference: {fileID: 0}
    - target: {fileID: 4119924507830896000, guid: ecfa8bfd94fe36c4c9f4a906fdfb2c7b, type: 3}
      propertyPath: moduleEffects.Array.data[7].coords.x
      value: 4
      objectReference: {fileID: 0}
    - target: {fileID: 4119924507830896000, guid: ecfa8bfd94fe36c4c9f4a906fdfb2c7b, type: 3}
      propertyPath: moduleEffects.Array.data[8].effect
      value: 4
      objectReference: {fileID: 0}
    - target: {fileID: 4119924507830896000, guid: ecfa8bfd94fe36c4c9f4a906fdfb2c7b, type: 3}
      propertyPath: moduleEffects.Array.data[8].coords.x
      value: 3
      objectReference: {fileID: 0}
    - target: {fileID: 4119924507830896000, guid: ecfa8bfd94fe36c4c9f4a906fdfb2c7b, type: 3}
      propertyPath: moduleEffects.Array.data[9].effect
      value: 4
      objectReference: {fileID: 0}
    - target: {fileID: 4119924507830896000, guid: ecfa8bfd94fe36c4c9f4a906fdfb2c7b, type: 3}
      propertyPath: moduleEffects.Array.data[9].coords.x
      value: 2
      objectReference: {fileID: 0}
    - target: {fileID: 4119924507830896000, guid: ecfa8bfd94fe36c4c9f4a906fdfb2c7b, type: 3}
      propertyPath: moduleEffects.Array.data[10].effect
      value: 4
      objectReference: {fileID: 0}
    - target: {fileID: 4119924507830896000, guid: ecfa8bfd94fe36c4c9f4a906fdfb2c7b, type: 3}
      propertyPath: moduleEffects.Array.data[10].coords.x
      value: 1
      objectReference: {fileID: 0}
    - target: {fileID: 4119924507830896000, guid: ecfa8bfd94fe36c4c9f4a906fdfb2c7b, type: 3}
      propertyPath: moduleEffects.Array.data[11].effect
      value: 4
      objectReference: {fileID: 0}
    - target: {fileID: 4119924507830896000, guid: ecfa8bfd94fe36c4c9f4a906fdfb2c7b, type: 3}
      propertyPath: moduleEffects.Array.data[11].coords.x
      value: 0
      objectReference: {fileID: 0}
    - target: {fileID: 4119924507830896002, guid: ecfa8bfd94fe36c4c9f4a906fdfb2c7b, type: 3}
      propertyPath: m_LocalPosition.x
      value: 2.11
      objectReference: {fileID: 0}
    - target: {fileID: 4119924507830896002, guid: ecfa8bfd94fe36c4c9f4a906fdfb2c7b, type: 3}
      propertyPath: m_LocalPosition.y
      value: -0.12226868
      objectReference: {fileID: 0}
    - target: {fileID: 4119924507830896002, guid: ecfa8bfd94fe36c4c9f4a906fdfb2c7b, type: 3}
      propertyPath: m_LocalPosition.z
      value: 4.431893
      objectReference: {fileID: 0}
    - target: {fileID: 4119924507830896002, guid: ecfa8bfd94fe36c4c9f4a906fdfb2c7b, type: 3}
      propertyPath: m_LocalRotation.x
      value: -0
      objectReference: {fileID: 0}
    - target: {fileID: 4119924507830896002, guid: ecfa8bfd94fe36c4c9f4a906fdfb2c7b, type: 3}
      propertyPath: m_LocalRotation.y
      value: -0
      objectReference: {fileID: 0}
    - target: {fileID: 4119924507830896002, guid: ecfa8bfd94fe36c4c9f4a906fdfb2c7b, type: 3}
      propertyPath: m_LocalRotation.z
      value: -0
      objectReference: {fileID: 0}
    - target: {fileID: 4119924507830896002, guid: ecfa8bfd94fe36c4c9f4a906fdfb2c7b, type: 3}
      propertyPath: m_LocalRotation.w
      value: 1
      objectReference: {fileID: 0}
    - target: {fileID: 4119924507830896002, guid: ecfa8bfd94fe36c4c9f4a906fdfb2c7b, type: 3}
      propertyPath: m_RootOrder
      value: 4
      objectReference: {fileID: 0}
    - target: {fileID: 4119924507830896002, guid: ecfa8bfd94fe36c4c9f4a906fdfb2c7b, type: 3}
      propertyPath: m_LocalEulerAnglesHint.x
      value: 0
      objectReference: {fileID: 0}
    - target: {fileID: 4119924507830896002, guid: ecfa8bfd94fe36c4c9f4a906fdfb2c7b, type: 3}
      propertyPath: m_LocalEulerAnglesHint.y
      value: 0
      objectReference: {fileID: 0}
    - target: {fileID: 4119924507830896002, guid: ecfa8bfd94fe36c4c9f4a906fdfb2c7b, type: 3}
      propertyPath: m_LocalEulerAnglesHint.z
      value: 0
      objectReference: {fileID: 0}
    - target: {fileID: 4119924507830896002, guid: ecfa8bfd94fe36c4c9f4a906fdfb2c7b, type: 3}
      propertyPath: m_LocalScale.x
      value: 1
      objectReference: {fileID: 0}
    - target: {fileID: 4119924507830896002, guid: ecfa8bfd94fe36c4c9f4a906fdfb2c7b, type: 3}
      propertyPath: m_LocalScale.y
      value: 1
      objectReference: {fileID: 0}
    - target: {fileID: 4119924507830896002, guid: ecfa8bfd94fe36c4c9f4a906fdfb2c7b, type: 3}
      propertyPath: m_LocalScale.z
      value: 0.656801
      objectReference: {fileID: 0}
    - target: {fileID: 4119924507830896013, guid: ecfa8bfd94fe36c4c9f4a906fdfb2c7b, type: 3}
      propertyPath: m_Name
      value: EffectModule (2)
      objectReference: {fileID: 0}
    m_RemovedComponents: []
  m_SourcePrefab: {fileID: 100100000, guid: ecfa8bfd94fe36c4c9f4a906fdfb2c7b, type: 3}
--- !u!4 &3463097166522988376 stripped
Transform:
  m_CorrespondingSourceObject: {fileID: 4119924507830896002, guid: ecfa8bfd94fe36c4c9f4a906fdfb2c7b, type: 3}
  m_PrefabInstance: {fileID: 658525021662900954}
  m_PrefabAsset: {fileID: 0}
--- !u!1001 &1126807596429463469
PrefabInstance:
  m_ObjectHideFlags: 0
  serializedVersion: 2
  m_Modification:
    m_TransformParent: {fileID: 4254906244298291834}
    m_Modifications:
    - target: {fileID: 4119924507830896000, guid: ecfa8bfd94fe36c4c9f4a906fdfb2c7b, type: 3}
      propertyPath: moduleEffects.Array.size
      value: 2
      objectReference: {fileID: 0}
    - target: {fileID: 4119924507830896000, guid: ecfa8bfd94fe36c4c9f4a906fdfb2c7b, type: 3}
      propertyPath: moduleEffects.Array.data[0].effect
      value: 7
      objectReference: {fileID: 0}
    - target: {fileID: 4119924507830896000, guid: ecfa8bfd94fe36c4c9f4a906fdfb2c7b, type: 3}
      propertyPath: moduleEffects.Array.data[0].coords.x
      value: 2
      objectReference: {fileID: 0}
    - target: {fileID: 4119924507830896000, guid: ecfa8bfd94fe36c4c9f4a906fdfb2c7b, type: 3}
      propertyPath: moduleEffects.Array.data[0].coords.y
      value: 4
      objectReference: {fileID: 0}
    - target: {fileID: 4119924507830896000, guid: ecfa8bfd94fe36c4c9f4a906fdfb2c7b, type: 3}
      propertyPath: moduleEffects.Array.data[1].effect
      value: 7
      objectReference: {fileID: 0}
    - target: {fileID: 4119924507830896000, guid: ecfa8bfd94fe36c4c9f4a906fdfb2c7b, type: 3}
      propertyPath: moduleEffects.Array.data[1].coords.y
      value: 4
      objectReference: {fileID: 0}
    - target: {fileID: 4119924507830896000, guid: ecfa8bfd94fe36c4c9f4a906fdfb2c7b, type: 3}
      propertyPath: moduleEffects.Array.data[1].coords.x
      value: 3
      objectReference: {fileID: 0}
    - target: {fileID: 4119924507830896000, guid: ecfa8bfd94fe36c4c9f4a906fdfb2c7b, type: 3}
      propertyPath: moduleEffects.Array.data[2].effect
      value: 4
      objectReference: {fileID: 0}
    - target: {fileID: 4119924507830896000, guid: ecfa8bfd94fe36c4c9f4a906fdfb2c7b, type: 3}
      propertyPath: moduleEffects.Array.data[2].coords.x
      value: 2
      objectReference: {fileID: 0}
    - target: {fileID: 4119924507830896000, guid: ecfa8bfd94fe36c4c9f4a906fdfb2c7b, type: 3}
      propertyPath: moduleEffects.Array.data[2].coords.y
      value: 1
      objectReference: {fileID: 0}
    - target: {fileID: 4119924507830896000, guid: ecfa8bfd94fe36c4c9f4a906fdfb2c7b, type: 3}
      propertyPath: moduleEffects.Array.data[3].effect
      value: 4
      objectReference: {fileID: 0}
    - target: {fileID: 4119924507830896000, guid: ecfa8bfd94fe36c4c9f4a906fdfb2c7b, type: 3}
      propertyPath: moduleEffects.Array.data[3].coords.x
      value: 3
      objectReference: {fileID: 0}
    - target: {fileID: 4119924507830896000, guid: ecfa8bfd94fe36c4c9f4a906fdfb2c7b, type: 3}
      propertyPath: moduleEffects.Array.data[3].coords.y
      value: 1
      objectReference: {fileID: 0}
    - target: {fileID: 4119924507830896000, guid: ecfa8bfd94fe36c4c9f4a906fdfb2c7b, type: 3}
      propertyPath: moduleEffects.Array.data[4].effect
      value: 4
      objectReference: {fileID: 0}
    - target: {fileID: 4119924507830896000, guid: ecfa8bfd94fe36c4c9f4a906fdfb2c7b, type: 3}
      propertyPath: moduleEffects.Array.data[4].coords.x
      value: 4
      objectReference: {fileID: 0}
    - target: {fileID: 4119924507830896000, guid: ecfa8bfd94fe36c4c9f4a906fdfb2c7b, type: 3}
      propertyPath: moduleEffects.Array.data[4].coords.y
      value: 1
      objectReference: {fileID: 0}
    - target: {fileID: 4119924507830896000, guid: ecfa8bfd94fe36c4c9f4a906fdfb2c7b, type: 3}
      propertyPath: moduleEffects.Array.data[5].effect
      value: 4
      objectReference: {fileID: 0}
    - target: {fileID: 4119924507830896000, guid: ecfa8bfd94fe36c4c9f4a906fdfb2c7b, type: 3}
      propertyPath: moduleEffects.Array.data[5].coords.x
      value: 5
      objectReference: {fileID: 0}
    - target: {fileID: 4119924507830896000, guid: ecfa8bfd94fe36c4c9f4a906fdfb2c7b, type: 3}
      propertyPath: moduleEffects.Array.data[5].coords.y
      value: 1
      objectReference: {fileID: 0}
    - target: {fileID: 4119924507830896000, guid: ecfa8bfd94fe36c4c9f4a906fdfb2c7b, type: 3}
      propertyPath: moduleEffects.Array.data[6].effect
      value: 4
      objectReference: {fileID: 0}
    - target: {fileID: 4119924507830896000, guid: ecfa8bfd94fe36c4c9f4a906fdfb2c7b, type: 3}
      propertyPath: moduleEffects.Array.data[6].coords.x
      value: 5
      objectReference: {fileID: 0}
    - target: {fileID: 4119924507830896000, guid: ecfa8bfd94fe36c4c9f4a906fdfb2c7b, type: 3}
      propertyPath: moduleEffects.Array.data[6].coords.y
      value: 0
      objectReference: {fileID: 0}
    - target: {fileID: 4119924507830896000, guid: ecfa8bfd94fe36c4c9f4a906fdfb2c7b, type: 3}
      propertyPath: moduleEffects.Array.data[7].effect
      value: 4
      objectReference: {fileID: 0}
    - target: {fileID: 4119924507830896000, guid: ecfa8bfd94fe36c4c9f4a906fdfb2c7b, type: 3}
      propertyPath: moduleEffects.Array.data[7].coords.x
      value: 4
      objectReference: {fileID: 0}
    - target: {fileID: 4119924507830896000, guid: ecfa8bfd94fe36c4c9f4a906fdfb2c7b, type: 3}
      propertyPath: moduleEffects.Array.data[8].effect
      value: 4
      objectReference: {fileID: 0}
    - target: {fileID: 4119924507830896000, guid: ecfa8bfd94fe36c4c9f4a906fdfb2c7b, type: 3}
      propertyPath: moduleEffects.Array.data[8].coords.x
      value: 3
      objectReference: {fileID: 0}
    - target: {fileID: 4119924507830896000, guid: ecfa8bfd94fe36c4c9f4a906fdfb2c7b, type: 3}
      propertyPath: moduleEffects.Array.data[9].effect
      value: 4
      objectReference: {fileID: 0}
    - target: {fileID: 4119924507830896000, guid: ecfa8bfd94fe36c4c9f4a906fdfb2c7b, type: 3}
      propertyPath: moduleEffects.Array.data[9].coords.x
      value: 2
      objectReference: {fileID: 0}
    - target: {fileID: 4119924507830896000, guid: ecfa8bfd94fe36c4c9f4a906fdfb2c7b, type: 3}
      propertyPath: moduleEffects.Array.data[10].effect
      value: 4
      objectReference: {fileID: 0}
    - target: {fileID: 4119924507830896000, guid: ecfa8bfd94fe36c4c9f4a906fdfb2c7b, type: 3}
      propertyPath: moduleEffects.Array.data[10].coords.x
      value: 1
      objectReference: {fileID: 0}
    - target: {fileID: 4119924507830896000, guid: ecfa8bfd94fe36c4c9f4a906fdfb2c7b, type: 3}
      propertyPath: moduleEffects.Array.data[11].effect
      value: 4
      objectReference: {fileID: 0}
    - target: {fileID: 4119924507830896000, guid: ecfa8bfd94fe36c4c9f4a906fdfb2c7b, type: 3}
      propertyPath: moduleEffects.Array.data[11].coords.x
      value: 0
      objectReference: {fileID: 0}
    - target: {fileID: 4119924507830896002, guid: ecfa8bfd94fe36c4c9f4a906fdfb2c7b, type: 3}
      propertyPath: m_LocalPosition.x
      value: -2.24
      objectReference: {fileID: 0}
    - target: {fileID: 4119924507830896002, guid: ecfa8bfd94fe36c4c9f4a906fdfb2c7b, type: 3}
      propertyPath: m_LocalPosition.y
      value: -0.12226868
      objectReference: {fileID: 0}
    - target: {fileID: 4119924507830896002, guid: ecfa8bfd94fe36c4c9f4a906fdfb2c7b, type: 3}
      propertyPath: m_LocalPosition.z
      value: 4.431893
      objectReference: {fileID: 0}
    - target: {fileID: 4119924507830896002, guid: ecfa8bfd94fe36c4c9f4a906fdfb2c7b, type: 3}
      propertyPath: m_LocalRotation.x
      value: -0
      objectReference: {fileID: 0}
    - target: {fileID: 4119924507830896002, guid: ecfa8bfd94fe36c4c9f4a906fdfb2c7b, type: 3}
      propertyPath: m_LocalRotation.y
      value: -0
      objectReference: {fileID: 0}
    - target: {fileID: 4119924507830896002, guid: ecfa8bfd94fe36c4c9f4a906fdfb2c7b, type: 3}
      propertyPath: m_LocalRotation.z
      value: -0
      objectReference: {fileID: 0}
    - target: {fileID: 4119924507830896002, guid: ecfa8bfd94fe36c4c9f4a906fdfb2c7b, type: 3}
      propertyPath: m_LocalRotation.w
      value: 1
      objectReference: {fileID: 0}
    - target: {fileID: 4119924507830896002, guid: ecfa8bfd94fe36c4c9f4a906fdfb2c7b, type: 3}
      propertyPath: m_RootOrder
      value: 3
      objectReference: {fileID: 0}
    - target: {fileID: 4119924507830896002, guid: ecfa8bfd94fe36c4c9f4a906fdfb2c7b, type: 3}
      propertyPath: m_LocalEulerAnglesHint.x
      value: 0
      objectReference: {fileID: 0}
    - target: {fileID: 4119924507830896002, guid: ecfa8bfd94fe36c4c9f4a906fdfb2c7b, type: 3}
      propertyPath: m_LocalEulerAnglesHint.y
      value: 0
      objectReference: {fileID: 0}
    - target: {fileID: 4119924507830896002, guid: ecfa8bfd94fe36c4c9f4a906fdfb2c7b, type: 3}
      propertyPath: m_LocalEulerAnglesHint.z
      value: 0
      objectReference: {fileID: 0}
    - target: {fileID: 4119924507830896002, guid: ecfa8bfd94fe36c4c9f4a906fdfb2c7b, type: 3}
      propertyPath: m_LocalScale.x
      value: 1
      objectReference: {fileID: 0}
    - target: {fileID: 4119924507830896002, guid: ecfa8bfd94fe36c4c9f4a906fdfb2c7b, type: 3}
      propertyPath: m_LocalScale.y
      value: 1
      objectReference: {fileID: 0}
    - target: {fileID: 4119924507830896002, guid: ecfa8bfd94fe36c4c9f4a906fdfb2c7b, type: 3}
      propertyPath: m_LocalScale.z
      value: 0.656801
      objectReference: {fileID: 0}
    - target: {fileID: 4119924507830896013, guid: ecfa8bfd94fe36c4c9f4a906fdfb2c7b, type: 3}
      propertyPath: m_Name
      value: EffectModule (1)
      objectReference: {fileID: 0}
    m_RemovedComponents: []
  m_SourcePrefab: {fileID: 100100000, guid: ecfa8bfd94fe36c4c9f4a906fdfb2c7b, type: 3}
--- !u!4 &3931589745478208047 stripped
Transform:
  m_CorrespondingSourceObject: {fileID: 4119924507830896002, guid: ecfa8bfd94fe36c4c9f4a906fdfb2c7b, type: 3}
  m_PrefabInstance: {fileID: 1126807596429463469}
  m_PrefabAsset: {fileID: 0}
--- !u!1001 &1231180544545574040
PrefabInstance:
  m_ObjectHideFlags: 0
  serializedVersion: 2
  m_Modification:
    m_TransformParent: {fileID: 1816087815147857551}
    m_Modifications:
    - target: {fileID: 4119924507830896000, guid: ecfa8bfd94fe36c4c9f4a906fdfb2c7b, type: 3}
      propertyPath: moduleEffects.Array.size
      value: 12
      objectReference: {fileID: 0}
    - target: {fileID: 4119924507830896000, guid: ecfa8bfd94fe36c4c9f4a906fdfb2c7b, type: 3}
      propertyPath: moduleEffects.Array.data[0].effect
      value: 4
      objectReference: {fileID: 0}
    - target: {fileID: 4119924507830896000, guid: ecfa8bfd94fe36c4c9f4a906fdfb2c7b, type: 3}
      propertyPath: moduleEffects.Array.data[0].coords.x
      value: 0
      objectReference: {fileID: 0}
    - target: {fileID: 4119924507830896000, guid: ecfa8bfd94fe36c4c9f4a906fdfb2c7b, type: 3}
      propertyPath: moduleEffects.Array.data[0].coords.y
      value: 1
      objectReference: {fileID: 0}
    - target: {fileID: 4119924507830896000, guid: ecfa8bfd94fe36c4c9f4a906fdfb2c7b, type: 3}
      propertyPath: moduleEffects.Array.data[1].effect
      value: 4
      objectReference: {fileID: 0}
    - target: {fileID: 4119924507830896000, guid: ecfa8bfd94fe36c4c9f4a906fdfb2c7b, type: 3}
      propertyPath: moduleEffects.Array.data[1].coords.y
      value: 1
      objectReference: {fileID: 0}
    - target: {fileID: 4119924507830896000, guid: ecfa8bfd94fe36c4c9f4a906fdfb2c7b, type: 3}
      propertyPath: moduleEffects.Array.data[1].coords.x
      value: 1
      objectReference: {fileID: 0}
    - target: {fileID: 4119924507830896000, guid: ecfa8bfd94fe36c4c9f4a906fdfb2c7b, type: 3}
      propertyPath: moduleEffects.Array.data[2].effect
      value: 4
      objectReference: {fileID: 0}
    - target: {fileID: 4119924507830896000, guid: ecfa8bfd94fe36c4c9f4a906fdfb2c7b, type: 3}
      propertyPath: moduleEffects.Array.data[2].coords.x
      value: 2
      objectReference: {fileID: 0}
    - target: {fileID: 4119924507830896000, guid: ecfa8bfd94fe36c4c9f4a906fdfb2c7b, type: 3}
      propertyPath: moduleEffects.Array.data[2].coords.y
      value: 1
      objectReference: {fileID: 0}
    - target: {fileID: 4119924507830896000, guid: ecfa8bfd94fe36c4c9f4a906fdfb2c7b, type: 3}
      propertyPath: moduleEffects.Array.data[3].effect
      value: 4
      objectReference: {fileID: 0}
    - target: {fileID: 4119924507830896000, guid: ecfa8bfd94fe36c4c9f4a906fdfb2c7b, type: 3}
      propertyPath: moduleEffects.Array.data[3].coords.x
      value: 3
      objectReference: {fileID: 0}
    - target: {fileID: 4119924507830896000, guid: ecfa8bfd94fe36c4c9f4a906fdfb2c7b, type: 3}
      propertyPath: moduleEffects.Array.data[3].coords.y
      value: 1
      objectReference: {fileID: 0}
    - target: {fileID: 4119924507830896000, guid: ecfa8bfd94fe36c4c9f4a906fdfb2c7b, type: 3}
      propertyPath: moduleEffects.Array.data[4].effect
      value: 4
      objectReference: {fileID: 0}
    - target: {fileID: 4119924507830896000, guid: ecfa8bfd94fe36c4c9f4a906fdfb2c7b, type: 3}
      propertyPath: moduleEffects.Array.data[4].coords.x
      value: 4
      objectReference: {fileID: 0}
    - target: {fileID: 4119924507830896000, guid: ecfa8bfd94fe36c4c9f4a906fdfb2c7b, type: 3}
      propertyPath: moduleEffects.Array.data[4].coords.y
      value: 1
      objectReference: {fileID: 0}
    - target: {fileID: 4119924507830896000, guid: ecfa8bfd94fe36c4c9f4a906fdfb2c7b, type: 3}
      propertyPath: moduleEffects.Array.data[5].effect
      value: 4
      objectReference: {fileID: 0}
    - target: {fileID: 4119924507830896000, guid: ecfa8bfd94fe36c4c9f4a906fdfb2c7b, type: 3}
      propertyPath: moduleEffects.Array.data[5].coords.x
      value: 5
      objectReference: {fileID: 0}
    - target: {fileID: 4119924507830896000, guid: ecfa8bfd94fe36c4c9f4a906fdfb2c7b, type: 3}
      propertyPath: moduleEffects.Array.data[5].coords.y
      value: 1
      objectReference: {fileID: 0}
    - target: {fileID: 4119924507830896000, guid: ecfa8bfd94fe36c4c9f4a906fdfb2c7b, type: 3}
      propertyPath: moduleEffects.Array.data[6].effect
      value: 4
      objectReference: {fileID: 0}
    - target: {fileID: 4119924507830896000, guid: ecfa8bfd94fe36c4c9f4a906fdfb2c7b, type: 3}
      propertyPath: moduleEffects.Array.data[6].coords.x
      value: 5
      objectReference: {fileID: 0}
    - target: {fileID: 4119924507830896000, guid: ecfa8bfd94fe36c4c9f4a906fdfb2c7b, type: 3}
      propertyPath: moduleEffects.Array.data[6].coords.y
      value: 0
      objectReference: {fileID: 0}
    - target: {fileID: 4119924507830896000, guid: ecfa8bfd94fe36c4c9f4a906fdfb2c7b, type: 3}
      propertyPath: moduleEffects.Array.data[7].effect
      value: 4
      objectReference: {fileID: 0}
    - target: {fileID: 4119924507830896000, guid: ecfa8bfd94fe36c4c9f4a906fdfb2c7b, type: 3}
      propertyPath: moduleEffects.Array.data[7].coords.x
      value: 4
      objectReference: {fileID: 0}
    - target: {fileID: 4119924507830896000, guid: ecfa8bfd94fe36c4c9f4a906fdfb2c7b, type: 3}
      propertyPath: moduleEffects.Array.data[8].effect
      value: 4
      objectReference: {fileID: 0}
    - target: {fileID: 4119924507830896000, guid: ecfa8bfd94fe36c4c9f4a906fdfb2c7b, type: 3}
      propertyPath: moduleEffects.Array.data[8].coords.x
      value: 3
      objectReference: {fileID: 0}
    - target: {fileID: 4119924507830896000, guid: ecfa8bfd94fe36c4c9f4a906fdfb2c7b, type: 3}
      propertyPath: moduleEffects.Array.data[9].effect
      value: 4
      objectReference: {fileID: 0}
    - target: {fileID: 4119924507830896000, guid: ecfa8bfd94fe36c4c9f4a906fdfb2c7b, type: 3}
      propertyPath: moduleEffects.Array.data[9].coords.x
      value: 2
      objectReference: {fileID: 0}
    - target: {fileID: 4119924507830896000, guid: ecfa8bfd94fe36c4c9f4a906fdfb2c7b, type: 3}
      propertyPath: moduleEffects.Array.data[10].effect
      value: 4
      objectReference: {fileID: 0}
    - target: {fileID: 4119924507830896000, guid: ecfa8bfd94fe36c4c9f4a906fdfb2c7b, type: 3}
      propertyPath: moduleEffects.Array.data[10].coords.x
      value: 1
      objectReference: {fileID: 0}
    - target: {fileID: 4119924507830896000, guid: ecfa8bfd94fe36c4c9f4a906fdfb2c7b, type: 3}
      propertyPath: moduleEffects.Array.data[11].effect
      value: 4
      objectReference: {fileID: 0}
    - target: {fileID: 4119924507830896000, guid: ecfa8bfd94fe36c4c9f4a906fdfb2c7b, type: 3}
      propertyPath: moduleEffects.Array.data[11].coords.x
      value: 0
      objectReference: {fileID: 0}
    - target: {fileID: 4119924507830896002, guid: ecfa8bfd94fe36c4c9f4a906fdfb2c7b, type: 3}
      propertyPath: m_LocalPosition.x
      value: 13.195343
      objectReference: {fileID: 0}
    - target: {fileID: 4119924507830896002, guid: ecfa8bfd94fe36c4c9f4a906fdfb2c7b, type: 3}
      propertyPath: m_LocalPosition.y
      value: -2.3722668
      objectReference: {fileID: 0}
    - target: {fileID: 4119924507830896002, guid: ecfa8bfd94fe36c4c9f4a906fdfb2c7b, type: 3}
      propertyPath: m_LocalPosition.z
      value: 0
      objectReference: {fileID: 0}
    - target: {fileID: 4119924507830896002, guid: ecfa8bfd94fe36c4c9f4a906fdfb2c7b, type: 3}
      propertyPath: m_LocalRotation.x
      value: -0
      objectReference: {fileID: 0}
    - target: {fileID: 4119924507830896002, guid: ecfa8bfd94fe36c4c9f4a906fdfb2c7b, type: 3}
      propertyPath: m_LocalRotation.y
      value: -0
      objectReference: {fileID: 0}
    - target: {fileID: 4119924507830896002, guid: ecfa8bfd94fe36c4c9f4a906fdfb2c7b, type: 3}
      propertyPath: m_LocalRotation.z
      value: -0
      objectReference: {fileID: 0}
    - target: {fileID: 4119924507830896002, guid: ecfa8bfd94fe36c4c9f4a906fdfb2c7b, type: 3}
      propertyPath: m_LocalRotation.w
      value: 1
      objectReference: {fileID: 0}
    - target: {fileID: 4119924507830896002, guid: ecfa8bfd94fe36c4c9f4a906fdfb2c7b, type: 3}
      propertyPath: m_RootOrder
      value: 7
      objectReference: {fileID: 0}
    - target: {fileID: 4119924507830896002, guid: ecfa8bfd94fe36c4c9f4a906fdfb2c7b, type: 3}
      propertyPath: m_LocalEulerAnglesHint.x
      value: 0
      objectReference: {fileID: 0}
    - target: {fileID: 4119924507830896002, guid: ecfa8bfd94fe36c4c9f4a906fdfb2c7b, type: 3}
      propertyPath: m_LocalEulerAnglesHint.y
      value: 0
      objectReference: {fileID: 0}
    - target: {fileID: 4119924507830896002, guid: ecfa8bfd94fe36c4c9f4a906fdfb2c7b, type: 3}
      propertyPath: m_LocalEulerAnglesHint.z
      value: 0
      objectReference: {fileID: 0}
    - target: {fileID: 4119924507830896002, guid: ecfa8bfd94fe36c4c9f4a906fdfb2c7b, type: 3}
      propertyPath: m_LocalScale.x
      value: 1
      objectReference: {fileID: 0}
    - target: {fileID: 4119924507830896002, guid: ecfa8bfd94fe36c4c9f4a906fdfb2c7b, type: 3}
      propertyPath: m_LocalScale.y
      value: 1
      objectReference: {fileID: 0}
    - target: {fileID: 4119924507830896002, guid: ecfa8bfd94fe36c4c9f4a906fdfb2c7b, type: 3}
      propertyPath: m_LocalScale.z
      value: 1
      objectReference: {fileID: 0}
    - target: {fileID: 4119924507830896013, guid: ecfa8bfd94fe36c4c9f4a906fdfb2c7b, type: 3}
      propertyPath: m_Name
      value: EffectModule (1)
      objectReference: {fileID: 0}
    m_RemovedComponents: []
  m_SourcePrefab: {fileID: 100100000, guid: ecfa8bfd94fe36c4c9f4a906fdfb2c7b, type: 3}
--- !u!4 &2898877440404031770 stripped
Transform:
  m_CorrespondingSourceObject: {fileID: 4119924507830896002, guid: ecfa8bfd94fe36c4c9f4a906fdfb2c7b, type: 3}
  m_PrefabInstance: {fileID: 1231180544545574040}
  m_PrefabAsset: {fileID: 0}
--- !u!1001 &8308035370159317791
PrefabInstance:
  m_ObjectHideFlags: 0
  serializedVersion: 2
  m_Modification:
    m_TransformParent: {fileID: 1327472801927455225}
    m_Modifications:
    - target: {fileID: 4119924507830896000, guid: ecfa8bfd94fe36c4c9f4a906fdfb2c7b, type: 3}
      propertyPath: moduleEffects.Array.size
      value: 12
      objectReference: {fileID: 0}
    - target: {fileID: 4119924507830896000, guid: ecfa8bfd94fe36c4c9f4a906fdfb2c7b, type: 3}
      propertyPath: moduleEffects.Array.data[0].effect
      value: 4
      objectReference: {fileID: 0}
    - target: {fileID: 4119924507830896000, guid: ecfa8bfd94fe36c4c9f4a906fdfb2c7b, type: 3}
      propertyPath: moduleEffects.Array.data[0].coords.x
      value: 0
      objectReference: {fileID: 0}
    - target: {fileID: 4119924507830896000, guid: ecfa8bfd94fe36c4c9f4a906fdfb2c7b, type: 3}
      propertyPath: moduleEffects.Array.data[0].coords.y
      value: 1
      objectReference: {fileID: 0}
    - target: {fileID: 4119924507830896000, guid: ecfa8bfd94fe36c4c9f4a906fdfb2c7b, type: 3}
      propertyPath: moduleEffects.Array.data[1].effect
      value: 4
      objectReference: {fileID: 0}
    - target: {fileID: 4119924507830896000, guid: ecfa8bfd94fe36c4c9f4a906fdfb2c7b, type: 3}
      propertyPath: moduleEffects.Array.data[1].coords.y
      value: 1
      objectReference: {fileID: 0}
    - target: {fileID: 4119924507830896000, guid: ecfa8bfd94fe36c4c9f4a906fdfb2c7b, type: 3}
      propertyPath: moduleEffects.Array.data[1].coords.x
      value: 1
      objectReference: {fileID: 0}
    - target: {fileID: 4119924507830896000, guid: ecfa8bfd94fe36c4c9f4a906fdfb2c7b, type: 3}
      propertyPath: moduleEffects.Array.data[2].effect
      value: 4
      objectReference: {fileID: 0}
    - target: {fileID: 4119924507830896000, guid: ecfa8bfd94fe36c4c9f4a906fdfb2c7b, type: 3}
      propertyPath: moduleEffects.Array.data[2].coords.x
      value: 2
      objectReference: {fileID: 0}
    - target: {fileID: 4119924507830896000, guid: ecfa8bfd94fe36c4c9f4a906fdfb2c7b, type: 3}
      propertyPath: moduleEffects.Array.data[2].coords.y
      value: 1
      objectReference: {fileID: 0}
    - target: {fileID: 4119924507830896000, guid: ecfa8bfd94fe36c4c9f4a906fdfb2c7b, type: 3}
      propertyPath: moduleEffects.Array.data[3].effect
      value: 4
      objectReference: {fileID: 0}
    - target: {fileID: 4119924507830896000, guid: ecfa8bfd94fe36c4c9f4a906fdfb2c7b, type: 3}
      propertyPath: moduleEffects.Array.data[3].coords.x
      value: 3
      objectReference: {fileID: 0}
    - target: {fileID: 4119924507830896000, guid: ecfa8bfd94fe36c4c9f4a906fdfb2c7b, type: 3}
      propertyPath: moduleEffects.Array.data[3].coords.y
      value: 1
      objectReference: {fileID: 0}
    - target: {fileID: 4119924507830896000, guid: ecfa8bfd94fe36c4c9f4a906fdfb2c7b, type: 3}
      propertyPath: moduleEffects.Array.data[4].effect
      value: 4
      objectReference: {fileID: 0}
    - target: {fileID: 4119924507830896000, guid: ecfa8bfd94fe36c4c9f4a906fdfb2c7b, type: 3}
      propertyPath: moduleEffects.Array.data[4].coords.x
      value: 4
      objectReference: {fileID: 0}
    - target: {fileID: 4119924507830896000, guid: ecfa8bfd94fe36c4c9f4a906fdfb2c7b, type: 3}
      propertyPath: moduleEffects.Array.data[4].coords.y
      value: 1
      objectReference: {fileID: 0}
    - target: {fileID: 4119924507830896000, guid: ecfa8bfd94fe36c4c9f4a906fdfb2c7b, type: 3}
      propertyPath: moduleEffects.Array.data[5].effect
      value: 4
      objectReference: {fileID: 0}
    - target: {fileID: 4119924507830896000, guid: ecfa8bfd94fe36c4c9f4a906fdfb2c7b, type: 3}
      propertyPath: moduleEffects.Array.data[5].coords.x
      value: 5
      objectReference: {fileID: 0}
    - target: {fileID: 4119924507830896000, guid: ecfa8bfd94fe36c4c9f4a906fdfb2c7b, type: 3}
      propertyPath: moduleEffects.Array.data[5].coords.y
      value: 1
      objectReference: {fileID: 0}
    - target: {fileID: 4119924507830896000, guid: ecfa8bfd94fe36c4c9f4a906fdfb2c7b, type: 3}
      propertyPath: moduleEffects.Array.data[6].effect
      value: 4
      objectReference: {fileID: 0}
    - target: {fileID: 4119924507830896000, guid: ecfa8bfd94fe36c4c9f4a906fdfb2c7b, type: 3}
      propertyPath: moduleEffects.Array.data[6].coords.x
      value: 5
      objectReference: {fileID: 0}
    - target: {fileID: 4119924507830896000, guid: ecfa8bfd94fe36c4c9f4a906fdfb2c7b, type: 3}
      propertyPath: moduleEffects.Array.data[6].coords.y
      value: 0
      objectReference: {fileID: 0}
    - target: {fileID: 4119924507830896000, guid: ecfa8bfd94fe36c4c9f4a906fdfb2c7b, type: 3}
      propertyPath: moduleEffects.Array.data[7].effect
      value: 4
      objectReference: {fileID: 0}
    - target: {fileID: 4119924507830896000, guid: ecfa8bfd94fe36c4c9f4a906fdfb2c7b, type: 3}
      propertyPath: moduleEffects.Array.data[7].coords.x
      value: 4
      objectReference: {fileID: 0}
    - target: {fileID: 4119924507830896000, guid: ecfa8bfd94fe36c4c9f4a906fdfb2c7b, type: 3}
      propertyPath: moduleEffects.Array.data[8].effect
      value: 4
      objectReference: {fileID: 0}
    - target: {fileID: 4119924507830896000, guid: ecfa8bfd94fe36c4c9f4a906fdfb2c7b, type: 3}
      propertyPath: moduleEffects.Array.data[8].coords.x
      value: 3
      objectReference: {fileID: 0}
    - target: {fileID: 4119924507830896000, guid: ecfa8bfd94fe36c4c9f4a906fdfb2c7b, type: 3}
      propertyPath: moduleEffects.Array.data[9].effect
      value: 4
      objectReference: {fileID: 0}
    - target: {fileID: 4119924507830896000, guid: ecfa8bfd94fe36c4c9f4a906fdfb2c7b, type: 3}
      propertyPath: moduleEffects.Array.data[9].coords.x
      value: 2
      objectReference: {fileID: 0}
    - target: {fileID: 4119924507830896000, guid: ecfa8bfd94fe36c4c9f4a906fdfb2c7b, type: 3}
      propertyPath: moduleEffects.Array.data[10].effect
      value: 4
      objectReference: {fileID: 0}
    - target: {fileID: 4119924507830896000, guid: ecfa8bfd94fe36c4c9f4a906fdfb2c7b, type: 3}
      propertyPath: moduleEffects.Array.data[10].coords.x
      value: 1
      objectReference: {fileID: 0}
    - target: {fileID: 4119924507830896000, guid: ecfa8bfd94fe36c4c9f4a906fdfb2c7b, type: 3}
      propertyPath: moduleEffects.Array.data[11].effect
      value: 4
      objectReference: {fileID: 0}
    - target: {fileID: 4119924507830896000, guid: ecfa8bfd94fe36c4c9f4a906fdfb2c7b, type: 3}
      propertyPath: moduleEffects.Array.data[11].coords.x
      value: 0
      objectReference: {fileID: 0}
    - target: {fileID: 4119924507830896002, guid: ecfa8bfd94fe36c4c9f4a906fdfb2c7b, type: 3}
      propertyPath: m_LocalPosition.x
      value: -0.023785291
      objectReference: {fileID: 0}
    - target: {fileID: 4119924507830896002, guid: ecfa8bfd94fe36c4c9f4a906fdfb2c7b, type: 3}
      propertyPath: m_LocalPosition.y
      value: 0.64
      objectReference: {fileID: 0}
    - target: {fileID: 4119924507830896002, guid: ecfa8bfd94fe36c4c9f4a906fdfb2c7b, type: 3}
      propertyPath: m_LocalPosition.z
      value: -0.606
      objectReference: {fileID: 0}
    - target: {fileID: 4119924507830896002, guid: ecfa8bfd94fe36c4c9f4a906fdfb2c7b, type: 3}
      propertyPath: m_LocalRotation.x
      value: -0
      objectReference: {fileID: 0}
    - target: {fileID: 4119924507830896002, guid: ecfa8bfd94fe36c4c9f4a906fdfb2c7b, type: 3}
      propertyPath: m_LocalRotation.y
      value: -0
      objectReference: {fileID: 0}
    - target: {fileID: 4119924507830896002, guid: ecfa8bfd94fe36c4c9f4a906fdfb2c7b, type: 3}
      propertyPath: m_LocalRotation.z
      value: -0
      objectReference: {fileID: 0}
    - target: {fileID: 4119924507830896002, guid: ecfa8bfd94fe36c4c9f4a906fdfb2c7b, type: 3}
      propertyPath: m_LocalRotation.w
      value: 1
      objectReference: {fileID: 0}
    - target: {fileID: 4119924507830896002, guid: ecfa8bfd94fe36c4c9f4a906fdfb2c7b, type: 3}
      propertyPath: m_RootOrder
      value: 0
      objectReference: {fileID: 0}
    - target: {fileID: 4119924507830896002, guid: ecfa8bfd94fe36c4c9f4a906fdfb2c7b, type: 3}
      propertyPath: m_LocalEulerAnglesHint.x
      value: 0
      objectReference: {fileID: 0}
    - target: {fileID: 4119924507830896002, guid: ecfa8bfd94fe36c4c9f4a906fdfb2c7b, type: 3}
      propertyPath: m_LocalEulerAnglesHint.y
      value: 0
      objectReference: {fileID: 0}
    - target: {fileID: 4119924507830896002, guid: ecfa8bfd94fe36c4c9f4a906fdfb2c7b, type: 3}
      propertyPath: m_LocalEulerAnglesHint.z
      value: 0
      objectReference: {fileID: 0}
    - target: {fileID: 4119924507830896002, guid: ecfa8bfd94fe36c4c9f4a906fdfb2c7b, type: 3}
      propertyPath: m_LocalScale.x
      value: 0.19820625
      objectReference: {fileID: 0}
    - target: {fileID: 4119924507830896002, guid: ecfa8bfd94fe36c4c9f4a906fdfb2c7b, type: 3}
      propertyPath: m_LocalScale.y
      value: 0.21420923
      objectReference: {fileID: 0}
    - target: {fileID: 4119924507830896002, guid: ecfa8bfd94fe36c4c9f4a906fdfb2c7b, type: 3}
      propertyPath: m_LocalScale.z
      value: 0.2
      objectReference: {fileID: 0}
    - target: {fileID: 4119924507830896013, guid: ecfa8bfd94fe36c4c9f4a906fdfb2c7b, type: 3}
      propertyPath: m_Name
      value: EffectModule
      objectReference: {fileID: 0}
    m_RemovedComponents: []
  m_SourcePrefab: {fileID: 100100000, guid: ecfa8bfd94fe36c4c9f4a906fdfb2c7b, type: 3}
--- !u!1001 &8308035370166192707
PrefabInstance:
  m_ObjectHideFlags: 0
  serializedVersion: 2
  m_Modification:
    m_TransformParent: {fileID: 1327472801927455225}
    m_Modifications:
    - target: {fileID: 1188443333987640859, guid: 1a92774e02e58184c838704e06f97e0d, type: 3}
      propertyPath: linkedActivatables.Array.size
      value: 2
      objectReference: {fileID: 0}
    - target: {fileID: 1188443333987640859, guid: 1a92774e02e58184c838704e06f97e0d, type: 3}
      propertyPath: debugPowerActive
      value: 0
      objectReference: {fileID: 0}
    - target: {fileID: 1188443333987640859, guid: 1a92774e02e58184c838704e06f97e0d, type: 3}
      propertyPath: linkedActivatables.Array.data[0]
      value: 
      objectReference: {fileID: 7937873326015953339}
    - target: {fileID: 1188443333987640859, guid: 1a92774e02e58184c838704e06f97e0d, type: 3}
      propertyPath: linkedActivatables.Array.data[1]
      value: 
      objectReference: {fileID: 0}
    - target: {fileID: 1188443333987640859, guid: 1a92774e02e58184c838704e06f97e0d, type: 3}
      propertyPath: rotationSpeed
      value: 3
      objectReference: {fileID: 0}
    - target: {fileID: 5123679862893980330, guid: 1a92774e02e58184c838704e06f97e0d, type: 3}
      propertyPath: m_LocalPosition.x
      value: -0.038
      objectReference: {fileID: 0}
    - target: {fileID: 5123679862893980330, guid: 1a92774e02e58184c838704e06f97e0d, type: 3}
      propertyPath: m_LocalPosition.y
      value: -0.404
      objectReference: {fileID: 0}
    - target: {fileID: 5123679862893980330, guid: 1a92774e02e58184c838704e06f97e0d, type: 3}
      propertyPath: m_LocalPosition.z
      value: -0.606
      objectReference: {fileID: 0}
    - target: {fileID: 5123679862893980330, guid: 1a92774e02e58184c838704e06f97e0d, type: 3}
      propertyPath: m_LocalRotation.x
      value: -0
      objectReference: {fileID: 0}
    - target: {fileID: 5123679862893980330, guid: 1a92774e02e58184c838704e06f97e0d, type: 3}
      propertyPath: m_LocalRotation.y
      value: -0
      objectReference: {fileID: 0}
    - target: {fileID: 5123679862893980330, guid: 1a92774e02e58184c838704e06f97e0d, type: 3}
      propertyPath: m_LocalRotation.z
      value: -0
      objectReference: {fileID: 0}
    - target: {fileID: 5123679862893980330, guid: 1a92774e02e58184c838704e06f97e0d, type: 3}
      propertyPath: m_LocalRotation.w
      value: 1
      objectReference: {fileID: 0}
    - target: {fileID: 5123679862893980330, guid: 1a92774e02e58184c838704e06f97e0d, type: 3}
      propertyPath: m_RootOrder
      value: 1
      objectReference: {fileID: 0}
    - target: {fileID: 5123679862893980330, guid: 1a92774e02e58184c838704e06f97e0d, type: 3}
      propertyPath: m_LocalEulerAnglesHint.x
      value: 0
      objectReference: {fileID: 0}
    - target: {fileID: 5123679862893980330, guid: 1a92774e02e58184c838704e06f97e0d, type: 3}
      propertyPath: m_LocalEulerAnglesHint.y
      value: 0
      objectReference: {fileID: 0}
    - target: {fileID: 5123679862893980330, guid: 1a92774e02e58184c838704e06f97e0d, type: 3}
      propertyPath: m_LocalEulerAnglesHint.z
      value: 0
      objectReference: {fileID: 0}
    - target: {fileID: 5123679862893980330, guid: 1a92774e02e58184c838704e06f97e0d, type: 3}
      propertyPath: m_LocalScale.x
      value: 0.61584663
      objectReference: {fileID: 0}
    - target: {fileID: 5123679862893980330, guid: 1a92774e02e58184c838704e06f97e0d, type: 3}
      propertyPath: m_LocalScale.y
      value: 0.6655695
      objectReference: {fileID: 0}
    - target: {fileID: 5123679862893980330, guid: 1a92774e02e58184c838704e06f97e0d, type: 3}
      propertyPath: m_LocalScale.z
      value: 0.62142
      objectReference: {fileID: 0}
    - target: {fileID: 5864646772401673715, guid: 1a92774e02e58184c838704e06f97e0d, type: 3}
      propertyPath: m_Name
      value: EffectDrivenPowerTrigger
      objectReference: {fileID: 0}
    m_RemovedComponents: []
  m_SourcePrefab: {fileID: 100100000, guid: 1a92774e02e58184c838704e06f97e0d, type: 3}
--- !u!1001 &8308035371022202967
PrefabInstance:
  m_ObjectHideFlags: 0
  serializedVersion: 2
  m_Modification:
    m_TransformParent: {fileID: 4254906245171953349}
    m_Modifications:
    - target: {fileID: 382200968474587017, guid: 0da170b00a53d1e4ea682cf20e750c0c, type: 3}
      propertyPath: m_Name
      value: PlatformMoving
      objectReference: {fileID: 0}
    - target: {fileID: 2118081183736791532, guid: 0da170b00a53d1e4ea682cf20e750c0c, type: 3}
      propertyPath: localMoveTargetPosition.x
      value: 7.1230326
      objectReference: {fileID: 0}
    - target: {fileID: 2118081183736791532, guid: 0da170b00a53d1e4ea682cf20e750c0c, type: 3}
      propertyPath: localMoveTargetPosition.y
      value: 0.00000021450013
      objectReference: {fileID: 0}
    - target: {fileID: 2118081183736791532, guid: 0da170b00a53d1e4ea682cf20e750c0c, type: 3}
      propertyPath: localMoveTargetPosition.z
      value: 0.00000023841858
      objectReference: {fileID: 0}
    - target: {fileID: 2118081183736791532, guid: 0da170b00a53d1e4ea682cf20e750c0c, type: 3}
      propertyPath: movementPattern
      value: 1
      objectReference: {fileID: 0}
    - target: {fileID: 2118081183736791532, guid: 0da170b00a53d1e4ea682cf20e750c0c, type: 3}
      propertyPath: travelTime
      value: 4
      objectReference: {fileID: 0}
    - target: {fileID: 2183417961402003260, guid: 0da170b00a53d1e4ea682cf20e750c0c, type: 3}
      propertyPath: m_LocalPosition.x
      value: -11.93
      objectReference: {fileID: 0}
    - target: {fileID: 2183417961402003260, guid: 0da170b00a53d1e4ea682cf20e750c0c, type: 3}
      propertyPath: m_LocalPosition.y
      value: -5.36
      objectReference: {fileID: 0}
    - target: {fileID: 2183417961402003260, guid: 0da170b00a53d1e4ea682cf20e750c0c, type: 3}
      propertyPath: m_LocalPosition.z
      value: 3.03
      objectReference: {fileID: 0}
    - target: {fileID: 2183417961402003260, guid: 0da170b00a53d1e4ea682cf20e750c0c, type: 3}
      propertyPath: m_LocalRotation.x
      value: -0
      objectReference: {fileID: 0}
    - target: {fileID: 2183417961402003260, guid: 0da170b00a53d1e4ea682cf20e750c0c, type: 3}
      propertyPath: m_LocalRotation.y
      value: -0
      objectReference: {fileID: 0}
    - target: {fileID: 2183417961402003260, guid: 0da170b00a53d1e4ea682cf20e750c0c, type: 3}
      propertyPath: m_LocalRotation.z
      value: -0
      objectReference: {fileID: 0}
    - target: {fileID: 2183417961402003260, guid: 0da170b00a53d1e4ea682cf20e750c0c, type: 3}
      propertyPath: m_LocalRotation.w
      value: 1
      objectReference: {fileID: 0}
    - target: {fileID: 2183417961402003260, guid: 0da170b00a53d1e4ea682cf20e750c0c, type: 3}
      propertyPath: m_RootOrder
      value: 0
      objectReference: {fileID: 0}
    - target: {fileID: 2183417961402003260, guid: 0da170b00a53d1e4ea682cf20e750c0c, type: 3}
      propertyPath: m_LocalEulerAnglesHint.x
      value: 0
      objectReference: {fileID: 0}
    - target: {fileID: 2183417961402003260, guid: 0da170b00a53d1e4ea682cf20e750c0c, type: 3}
      propertyPath: m_LocalEulerAnglesHint.y
      value: 0
      objectReference: {fileID: 0}
    - target: {fileID: 2183417961402003260, guid: 0da170b00a53d1e4ea682cf20e750c0c, type: 3}
      propertyPath: m_LocalEulerAnglesHint.z
      value: 0
      objectReference: {fileID: 0}
    - target: {fileID: 2183417961402003260, guid: 0da170b00a53d1e4ea682cf20e750c0c, type: 3}
      propertyPath: m_LocalScale.y
      value: 15.56111
      objectReference: {fileID: 0}
    - target: {fileID: 2183417961402003260, guid: 0da170b00a53d1e4ea682cf20e750c0c, type: 3}
      propertyPath: m_LocalScale.x
      value: 3.3635
      objectReference: {fileID: 0}
    m_RemovedComponents: []
  m_SourcePrefab: {fileID: 100100000, guid: 0da170b00a53d1e4ea682cf20e750c0c, type: 3}
--- !u!4 &7854591350371145579 stripped
Transform:
  m_CorrespondingSourceObject: {fileID: 2183417961402003260, guid: 0da170b00a53d1e4ea682cf20e750c0c, type: 3}
  m_PrefabInstance: {fileID: 8308035371022202967}
  m_PrefabAsset: {fileID: 0}
--- !u!114 &7937873326015953339 stripped
MonoBehaviour:
  m_CorrespondingSourceObject: {fileID: 2118081183736791532, guid: 0da170b00a53d1e4ea682cf20e750c0c, type: 3}
  m_PrefabInstance: {fileID: 8308035371022202967}
  m_PrefabAsset: {fileID: 0}
  m_GameObject: {fileID: 0}
  m_Enabled: 1
  m_EditorHideFlags: 0
  m_Script: {fileID: 11500000, guid: aa2e4a7dc2840e947b2753404dc2e205, type: 3}
  m_Name: 
  m_EditorClassIdentifier: 
--- !u!4 &1327472801927455225 stripped
Transform:
  m_CorrespondingSourceObject: {fileID: 6998650291311106478, guid: 0da170b00a53d1e4ea682cf20e750c0c, type: 3}
  m_PrefabInstance: {fileID: 8308035371022202967}
  m_PrefabAsset: {fileID: 0}
