%YAML 1.1
%TAG !u! tag:unity3d.com,2011:
--- !u!1 &4540965414033147818
GameObject:
  m_ObjectHideFlags: 0
  m_CorrespondingSourceObject: {fileID: 0}
  m_PrefabInstance: {fileID: 0}
  m_PrefabAsset: {fileID: 0}
  serializedVersion: 6
  m_Component:
  - component: {fileID: 6634153648911089093}
  m_Layer: 0
  m_Name: WallWithDoorVertical 1
  m_TagString: Untagged
  m_Icon: {fileID: 0}
  m_NavMeshLayer: 0
  m_StaticEditorFlags: 0
  m_IsActive: 1
--- !u!4 &6634153648911089093
Transform:
  m_ObjectHideFlags: 0
  m_CorrespondingSourceObject: {fileID: 0}
  m_PrefabInstance: {fileID: 0}
  m_PrefabAsset: {fileID: 0}
  m_GameObject: {fileID: 4540965414033147818}
  m_LocalRotation: {x: -0, y: -0, z: -0, w: 1}
  m_LocalPosition: {x: 29.184296, y: 39.91284, z: -12.510448}
  m_LocalScale: {x: 1, y: 1, z: 1}
  m_Children:
  - {fileID: 8351716538658588122}
  - {fileID: 8329788886176558023}
  - {fileID: 8329788885923014026}
  - {fileID: 8329788884693359431}
  - {fileID: 8329788886334575210}
  - {fileID: 8329788885710750580}
  - {fileID: 8329788884949191728}
  - {fileID: 1079647880833350993}
  - {fileID: 1079647882845436071}
  - {fileID: 6602640666101362032}
  - {fileID: 6602640666341820164}
  m_Father: {fileID: 0}
  m_RootOrder: 0
  m_LocalEulerAnglesHint: {x: 0, y: 0, z: 0}
--- !u!1001 &3444756937550033121
PrefabInstance:
  m_ObjectHideFlags: 0
  serializedVersion: 2
  m_Modification:
    m_TransformParent: {fileID: 6634153648911089093}
    m_Modifications:
    - target: {fileID: 6653900174871391141, guid: b3607d85dd3ee39439ee8c51ed3a34d1, type: 3}
      propertyPath: m_Name
      value: Framework (33)
      objectReference: {fileID: 0}
    - target: {fileID: 6653900174871391142, guid: b3607d85dd3ee39439ee8c51ed3a34d1, type: 3}
      propertyPath: m_LocalPosition.x
      value: 2.21167
      objectReference: {fileID: 0}
    - target: {fileID: 6653900174871391142, guid: b3607d85dd3ee39439ee8c51ed3a34d1, type: 3}
      propertyPath: m_LocalPosition.y
      value: -4.9525986
      objectReference: {fileID: 0}
    - target: {fileID: 6653900174871391142, guid: b3607d85dd3ee39439ee8c51ed3a34d1, type: 3}
      propertyPath: m_LocalPosition.z
      value: -4.2403603
      objectReference: {fileID: 0}
    - target: {fileID: 6653900174871391142, guid: b3607d85dd3ee39439ee8c51ed3a34d1, type: 3}
      propertyPath: m_LocalRotation.x
      value: -0.00000021606684
      objectReference: {fileID: 0}
    - target: {fileID: 6653900174871391142, guid: b3607d85dd3ee39439ee8c51ed3a34d1, type: 3}
      propertyPath: m_LocalRotation.y
      value: -0.00000018626451
      objectReference: {fileID: 0}
    - target: {fileID: 6653900174871391142, guid: b3607d85dd3ee39439ee8c51ed3a34d1, type: 3}
      propertyPath: m_LocalRotation.z
      value: 0.7071057
      objectReference: {fileID: 0}
    - target: {fileID: 6653900174871391142, guid: b3607d85dd3ee39439ee8c51ed3a34d1, type: 3}
      propertyPath: m_LocalRotation.w
      value: 0.70710796
      objectReference: {fileID: 0}
    - target: {fileID: 6653900174871391142, guid: b3607d85dd3ee39439ee8c51ed3a34d1, type: 3}
      propertyPath: m_RootOrder
      value: 3
      objectReference: {fileID: 0}
    - target: {fileID: 6653900174871391142, guid: b3607d85dd3ee39439ee8c51ed3a34d1, type: 3}
      propertyPath: m_LocalEulerAnglesHint.x
      value: 0
      objectReference: {fileID: 0}
    - target: {fileID: 6653900174871391142, guid: b3607d85dd3ee39439ee8c51ed3a34d1, type: 3}
      propertyPath: m_LocalEulerAnglesHint.y
      value: 0
      objectReference: {fileID: 0}
    - target: {fileID: 6653900174871391142, guid: b3607d85dd3ee39439ee8c51ed3a34d1, type: 3}
      propertyPath: m_LocalEulerAnglesHint.z
      value: 90
      objectReference: {fileID: 0}
    - target: {fileID: 6653900174871391142, guid: b3607d85dd3ee39439ee8c51ed3a34d1, type: 3}
      propertyPath: m_LocalScale.x
      value: 705.088
      objectReference: {fileID: 0}
    m_RemovedComponents: []
  m_SourcePrefab: {fileID: 100100000, guid: b3607d85dd3ee39439ee8c51ed3a34d1, type: 3}
--- !u!4 &8329788884693359431 stripped
Transform:
  m_CorrespondingSourceObject: {fileID: 6653900174871391142, guid: b3607d85dd3ee39439ee8c51ed3a34d1, type: 3}
  m_PrefabInstance: {fileID: 3444756937550033121}
  m_PrefabAsset: {fileID: 0}
--- !u!1001 &3444756937697259394
PrefabInstance:
  m_ObjectHideFlags: 0
  serializedVersion: 2
  m_Modification:
    m_TransformParent: {fileID: 6634153648911089093}
    m_Modifications:
    - target: {fileID: 2920269827611648025, guid: 856aca18ebee0d147b1286b145f0529e, type: 3}
      propertyPath: m_Name
      value: GateWing (5)
      objectReference: {fileID: 0}
    - target: {fileID: 8390055039233999602, guid: 856aca18ebee0d147b1286b145f0529e, type: 3}
      propertyPath: m_LocalPosition.x
      value: 0.532959
      objectReference: {fileID: 0}
    - target: {fileID: 8390055039233999602, guid: 856aca18ebee0d147b1286b145f0529e, type: 3}
      propertyPath: m_LocalPosition.y
      value: -0.73283386
      objectReference: {fileID: 0}
    - target: {fileID: 8390055039233999602, guid: 856aca18ebee0d147b1286b145f0529e, type: 3}
      propertyPath: m_LocalPosition.z
      value: -11.713606
      objectReference: {fileID: 0}
    - target: {fileID: 8390055039233999602, guid: 856aca18ebee0d147b1286b145f0529e, type: 3}
      propertyPath: m_LocalRotation.x
      value: -0.00000335555
      objectReference: {fileID: 0}
    - target: {fileID: 8390055039233999602, guid: 856aca18ebee0d147b1286b145f0529e, type: 3}
      propertyPath: m_LocalRotation.y
      value: -0.000000116658725
      objectReference: {fileID: 0}
    - target: {fileID: 8390055039233999602, guid: 856aca18ebee0d147b1286b145f0529e, type: 3}
      propertyPath: m_LocalRotation.z
      value: -0.7071081
      objectReference: {fileID: 0}
    - target: {fileID: 8390055039233999602, guid: 856aca18ebee0d147b1286b145f0529e, type: 3}
      propertyPath: m_LocalRotation.w
      value: -0.7071055
      objectReference: {fileID: 0}
    - target: {fileID: 8390055039233999602, guid: 856aca18ebee0d147b1286b145f0529e, type: 3}
      propertyPath: m_RootOrder
      value: 9
      objectReference: {fileID: 0}
    - target: {fileID: 8390055039233999602, guid: 856aca18ebee0d147b1286b145f0529e, type: 3}
      propertyPath: m_LocalEulerAnglesHint.x
      value: 90
      objectReference: {fileID: 0}
    - target: {fileID: 8390055039233999602, guid: 856aca18ebee0d147b1286b145f0529e, type: 3}
      propertyPath: m_LocalEulerAnglesHint.y
      value: 180
      objectReference: {fileID: 0}
    - target: {fileID: 8390055039233999602, guid: 856aca18ebee0d147b1286b145f0529e, type: 3}
      propertyPath: m_LocalEulerAnglesHint.z
      value: -90
      objectReference: {fileID: 0}
    - target: {fileID: 8390055039233999602, guid: 856aca18ebee0d147b1286b145f0529e, type: 3}
      propertyPath: m_LocalScale.y
      value: 1.3531792
      objectReference: {fileID: 0}
    m_RemovedComponents: []
  m_SourcePrefab: {fileID: 100100000, guid: 856aca18ebee0d147b1286b145f0529e, type: 3}
--- !u!4 &6602640666101362032 stripped
Transform:
  m_CorrespondingSourceObject: {fileID: 8390055039233999602, guid: 856aca18ebee0d147b1286b145f0529e, type: 3}
  m_PrefabInstance: {fileID: 3444756937697259394}
  m_PrefabAsset: {fileID: 0}
--- !u!1001 &3444756937872942998
PrefabInstance:
  m_ObjectHideFlags: 0
  serializedVersion: 2
  m_Modification:
    m_TransformParent: {fileID: 6634153648911089093}
    m_Modifications:
    - target: {fileID: 6653900174871391141, guid: b3607d85dd3ee39439ee8c51ed3a34d1, type: 3}
      propertyPath: m_Name
      value: Framework (34)
      objectReference: {fileID: 0}
    - target: {fileID: 6653900174871391142, guid: b3607d85dd3ee39439ee8c51ed3a34d1, type: 3}
      propertyPath: m_LocalPosition.x
      value: 2.21167
      objectReference: {fileID: 0}
    - target: {fileID: 6653900174871391142, guid: b3607d85dd3ee39439ee8c51ed3a34d1, type: 3}
      propertyPath: m_LocalPosition.y
      value: -4.9525986
      objectReference: {fileID: 0}
    - target: {fileID: 6653900174871391142, guid: b3607d85dd3ee39439ee8c51ed3a34d1, type: 3}
      propertyPath: m_LocalPosition.z
      value: -8.490362
      objectReference: {fileID: 0}
    - target: {fileID: 6653900174871391142, guid: b3607d85dd3ee39439ee8c51ed3a34d1, type: 3}
      propertyPath: m_LocalRotation.x
      value: -0.00000021606684
      objectReference: {fileID: 0}
    - target: {fileID: 6653900174871391142, guid: b3607d85dd3ee39439ee8c51ed3a34d1, type: 3}
      propertyPath: m_LocalRotation.y
      value: -0.00000018626451
      objectReference: {fileID: 0}
    - target: {fileID: 6653900174871391142, guid: b3607d85dd3ee39439ee8c51ed3a34d1, type: 3}
      propertyPath: m_LocalRotation.z
      value: 0.7071057
      objectReference: {fileID: 0}
    - target: {fileID: 6653900174871391142, guid: b3607d85dd3ee39439ee8c51ed3a34d1, type: 3}
      propertyPath: m_LocalRotation.w
      value: 0.70710796
      objectReference: {fileID: 0}
    - target: {fileID: 6653900174871391142, guid: b3607d85dd3ee39439ee8c51ed3a34d1, type: 3}
      propertyPath: m_RootOrder
      value: 6
      objectReference: {fileID: 0}
    - target: {fileID: 6653900174871391142, guid: b3607d85dd3ee39439ee8c51ed3a34d1, type: 3}
      propertyPath: m_LocalEulerAnglesHint.x
      value: 0
      objectReference: {fileID: 0}
    - target: {fileID: 6653900174871391142, guid: b3607d85dd3ee39439ee8c51ed3a34d1, type: 3}
      propertyPath: m_LocalEulerAnglesHint.y
      value: 0
      objectReference: {fileID: 0}
    - target: {fileID: 6653900174871391142, guid: b3607d85dd3ee39439ee8c51ed3a34d1, type: 3}
      propertyPath: m_LocalEulerAnglesHint.z
      value: 90
      objectReference: {fileID: 0}
    - target: {fileID: 6653900174871391142, guid: b3607d85dd3ee39439ee8c51ed3a34d1, type: 3}
      propertyPath: m_LocalScale.x
      value: 705.088
      objectReference: {fileID: 0}
    m_RemovedComponents: []
  m_SourcePrefab: {fileID: 100100000, guid: b3607d85dd3ee39439ee8c51ed3a34d1, type: 3}
--- !u!4 &8329788884949191728 stripped
Transform:
  m_CorrespondingSourceObject: {fileID: 6653900174871391142, guid: b3607d85dd3ee39439ee8c51ed3a34d1, type: 3}
  m_PrefabInstance: {fileID: 3444756937872942998}
  m_PrefabAsset: {fileID: 0}
--- !u!1001 &3444756938140784840
PrefabInstance:
  m_ObjectHideFlags: 0
  serializedVersion: 2
  m_Modification:
    m_TransformParent: {fileID: 6634153648911089093}
    m_Modifications:
    - target: {fileID: 2392979478065358231, guid: 88e3898d2e07ec9439df7b148feb86ea, type: 3}
      propertyPath: m_Name
      value: Wall (7)
      objectReference: {fileID: 0}
    - target: {fileID: 2392979478065358233, guid: 88e3898d2e07ec9439df7b148feb86ea, type: 3}
      propertyPath: m_LocalPosition.x
      value: 2.2821045
      objectReference: {fileID: 0}
    - target: {fileID: 2392979478065358233, guid: 88e3898d2e07ec9439df7b148feb86ea, type: 3}
      propertyPath: m_LocalPosition.y
      value: 8.0168495
      objectReference: {fileID: 0}
    - target: {fileID: 2392979478065358233, guid: 88e3898d2e07ec9439df7b148feb86ea, type: 3}
      propertyPath: m_LocalPosition.z
      value: -7.653372
      objectReference: {fileID: 0}
    - target: {fileID: 2392979478065358233, guid: 88e3898d2e07ec9439df7b148feb86ea, type: 3}
      propertyPath: m_LocalRotation.x
      value: -0.70710564
      objectReference: {fileID: 0}
    - target: {fileID: 2392979478065358233, guid: 88e3898d2e07ec9439df7b148feb86ea, type: 3}
      propertyPath: m_LocalRotation.y
      value: -0.0000016316769
      objectReference: {fileID: 0}
    - target: {fileID: 2392979478065358233, guid: 88e3898d2e07ec9439df7b148feb86ea, type: 3}
      propertyPath: m_LocalRotation.z
      value: -0.70710796
      objectReference: {fileID: 0}
    - target: {fileID: 2392979478065358233, guid: 88e3898d2e07ec9439df7b148feb86ea, type: 3}
      propertyPath: m_LocalRotation.w
      value: 0.0000016614792
      objectReference: {fileID: 0}
    - target: {fileID: 2392979478065358233, guid: 88e3898d2e07ec9439df7b148feb86ea, type: 3}
      propertyPath: m_RootOrder
      value: 7
      objectReference: {fileID: 0}
    - target: {fileID: 2392979478065358233, guid: 88e3898d2e07ec9439df7b148feb86ea, type: 3}
      propertyPath: m_LocalEulerAnglesHint.x
      value: 0
      objectReference: {fileID: 0}
    - target: {fileID: 2392979478065358233, guid: 88e3898d2e07ec9439df7b148feb86ea, type: 3}
      propertyPath: m_LocalEulerAnglesHint.y
      value: 90
      objectReference: {fileID: 0}
    - target: {fileID: 2392979478065358233, guid: 88e3898d2e07ec9439df7b148feb86ea, type: 3}
      propertyPath: m_LocalEulerAnglesHint.z
      value: -180
      objectReference: {fileID: 0}
    - target: {fileID: 2392979478065358233, guid: 88e3898d2e07ec9439df7b148feb86ea, type: 3}
      propertyPath: m_LocalScale.x
      value: 1.0283
      objectReference: {fileID: 0}
    - target: {fileID: 2392979478065358233, guid: 88e3898d2e07ec9439df7b148feb86ea, type: 3}
      propertyPath: m_LocalScale.y
      value: 1.0283
      objectReference: {fileID: 0}
    - target: {fileID: 2392979478065358233, guid: 88e3898d2e07ec9439df7b148feb86ea, type: 3}
      propertyPath: m_LocalScale.z
      value: 1.0283
      objectReference: {fileID: 0}
    m_RemovedComponents: []
  m_SourcePrefab: {fileID: 100100000, guid: 88e3898d2e07ec9439df7b148feb86ea, type: 3}
--- !u!4 &1079647880833350993 stripped
Transform:
  m_CorrespondingSourceObject: {fileID: 2392979478065358233, guid: 88e3898d2e07ec9439df7b148feb86ea, type: 3}
  m_PrefabInstance: {fileID: 3444756938140784840}
  m_PrefabAsset: {fileID: 0}
--- !u!1001 &3444756938542188022
PrefabInstance:
  m_ObjectHideFlags: 0
  serializedVersion: 2
  m_Modification:
    m_TransformParent: {fileID: 6634153648911089093}
    m_Modifications:
    - target: {fileID: 2920269827611648025, guid: 856aca18ebee0d147b1286b145f0529e, type: 3}
      propertyPath: m_Name
      value: GateWing (4)
      objectReference: {fileID: 0}
    - target: {fileID: 8390055039233999602, guid: 856aca18ebee0d147b1286b145f0529e, type: 3}
      propertyPath: m_LocalPosition.x
      value: 1.032959
      objectReference: {fileID: 0}
    - target: {fileID: 8390055039233999602, guid: 856aca18ebee0d147b1286b145f0529e, type: 3}
      propertyPath: m_LocalPosition.y
      value: -0.73283386
      objectReference: {fileID: 0}
    - target: {fileID: 8390055039233999602, guid: 856aca18ebee0d147b1286b145f0529e, type: 3}
      propertyPath: m_LocalPosition.z
      value: -11.713606
      objectReference: {fileID: 0}
    - target: {fileID: 8390055039233999602, guid: 856aca18ebee0d147b1286b145f0529e, type: 3}
      propertyPath: m_LocalRotation.x
      value: -0.70710814
      objectReference: {fileID: 0}
    - target: {fileID: 8390055039233999602, guid: 856aca18ebee0d147b1286b145f0529e, type: 3}
      propertyPath: m_LocalRotation.y
      value: -0.70710546
      objectReference: {fileID: 0}
    - target: {fileID: 8390055039233999602, guid: 856aca18ebee0d147b1286b145f0529e, type: 3}
      propertyPath: m_LocalRotation.z
      value: -0.000001706183
      objectReference: {fileID: 0}
    - target: {fileID: 8390055039233999602, guid: 856aca18ebee0d147b1286b145f0529e, type: 3}
      propertyPath: m_LocalRotation.w
      value: 0.0000017434359
      objectReference: {fileID: 0}
    - target: {fileID: 8390055039233999602, guid: 856aca18ebee0d147b1286b145f0529e, type: 3}
      propertyPath: m_RootOrder
      value: 10
      objectReference: {fileID: 0}
    - target: {fileID: 8390055039233999602, guid: 856aca18ebee0d147b1286b145f0529e, type: 3}
      propertyPath: m_LocalEulerAnglesHint.x
      value: -90
      objectReference: {fileID: 0}
    - target: {fileID: 8390055039233999602, guid: 856aca18ebee0d147b1286b145f0529e, type: 3}
      propertyPath: m_LocalEulerAnglesHint.y
      value: 0
      objectReference: {fileID: 0}
    - target: {fileID: 8390055039233999602, guid: 856aca18ebee0d147b1286b145f0529e, type: 3}
      propertyPath: m_LocalEulerAnglesHint.z
      value: -90
      objectReference: {fileID: 0}
    - target: {fileID: 8390055039233999602, guid: 856aca18ebee0d147b1286b145f0529e, type: 3}
      propertyPath: m_LocalScale.y
      value: 1.3531792
      objectReference: {fileID: 0}
    m_RemovedComponents: []
  m_SourcePrefab: {fileID: 100100000, guid: 856aca18ebee0d147b1286b145f0529e, type: 3}
--- !u!4 &6602640666341820164 stripped
Transform:
  m_CorrespondingSourceObject: {fileID: 8390055039233999602, guid: 856aca18ebee0d147b1286b145f0529e, type: 3}
  m_PrefabInstance: {fileID: 3444756938542188022}
  m_PrefabAsset: {fileID: 0}
--- !u!1001 &3444756938701088978
PrefabInstance:
  m_ObjectHideFlags: 0
  serializedVersion: 2
  m_Modification:
    m_TransformParent: {fileID: 6634153648911089093}
    m_Modifications:
    - target: {fileID: 6653900174871391141, guid: b3607d85dd3ee39439ee8c51ed3a34d1, type: 3}
      propertyPath: m_Name
      value: Framework (35)
      objectReference: {fileID: 0}
    - target: {fileID: 6653900174871391142, guid: b3607d85dd3ee39439ee8c51ed3a34d1, type: 3}
      propertyPath: m_LocalPosition.x
      value: -0.5383301
      objectReference: {fileID: 0}
    - target: {fileID: 6653900174871391142, guid: b3607d85dd3ee39439ee8c51ed3a34d1, type: 3}
      propertyPath: m_LocalPosition.y
      value: -4.9525986
      objectReference: {fileID: 0}
    - target: {fileID: 6653900174871391142, guid: b3607d85dd3ee39439ee8c51ed3a34d1, type: 3}
      propertyPath: m_LocalPosition.z
      value: -8.490362
      objectReference: {fileID: 0}
    - target: {fileID: 6653900174871391142, guid: b3607d85dd3ee39439ee8c51ed3a34d1, type: 3}
      propertyPath: m_LocalRotation.x
      value: -0.00000021606684
      objectReference: {fileID: 0}
    - target: {fileID: 6653900174871391142, guid: b3607d85dd3ee39439ee8c51ed3a34d1, type: 3}
      propertyPath: m_LocalRotation.y
      value: -0.00000018626451
      objectReference: {fileID: 0}
    - target: {fileID: 6653900174871391142, guid: b3607d85dd3ee39439ee8c51ed3a34d1, type: 3}
      propertyPath: m_LocalRotation.z
      value: 0.7071057
      objectReference: {fileID: 0}
    - target: {fileID: 6653900174871391142, guid: b3607d85dd3ee39439ee8c51ed3a34d1, type: 3}
      propertyPath: m_LocalRotation.w
      value: 0.70710796
      objectReference: {fileID: 0}
    - target: {fileID: 6653900174871391142, guid: b3607d85dd3ee39439ee8c51ed3a34d1, type: 3}
      propertyPath: m_RootOrder
      value: 5
      objectReference: {fileID: 0}
    - target: {fileID: 6653900174871391142, guid: b3607d85dd3ee39439ee8c51ed3a34d1, type: 3}
      propertyPath: m_LocalEulerAnglesHint.x
      value: 0
      objectReference: {fileID: 0}
    - target: {fileID: 6653900174871391142, guid: b3607d85dd3ee39439ee8c51ed3a34d1, type: 3}
      propertyPath: m_LocalEulerAnglesHint.y
      value: 0
      objectReference: {fileID: 0}
    - target: {fileID: 6653900174871391142, guid: b3607d85dd3ee39439ee8c51ed3a34d1, type: 3}
      propertyPath: m_LocalEulerAnglesHint.z
      value: 90
      objectReference: {fileID: 0}
    - target: {fileID: 6653900174871391142, guid: b3607d85dd3ee39439ee8c51ed3a34d1, type: 3}
      propertyPath: m_LocalScale.x
      value: 705.088
      objectReference: {fileID: 0}
    m_RemovedComponents: []
  m_SourcePrefab: {fileID: 100100000, guid: b3607d85dd3ee39439ee8c51ed3a34d1, type: 3}
--- !u!4 &8329788885710750580 stripped
Transform:
  m_CorrespondingSourceObject: {fileID: 6653900174871391142, guid: b3607d85dd3ee39439ee8c51ed3a34d1, type: 3}
  m_PrefabInstance: {fileID: 3444756938701088978}
  m_PrefabAsset: {fileID: 0}
--- !u!1001 &3444756938778103340
PrefabInstance:
  m_ObjectHideFlags: 0
  serializedVersion: 2
  m_Modification:
    m_TransformParent: {fileID: 6634153648911089093}
    m_Modifications:
    - target: {fileID: 6653900174871391141, guid: b3607d85dd3ee39439ee8c51ed3a34d1, type: 3}
      propertyPath: m_Name
      value: Framework (36)
      objectReference: {fileID: 0}
    - target: {fileID: 6653900174871391142, guid: b3607d85dd3ee39439ee8c51ed3a34d1, type: 3}
      propertyPath: m_LocalPosition.x
      value: 2.21167
      objectReference: {fileID: 0}
    - target: {fileID: 6653900174871391142, guid: b3607d85dd3ee39439ee8c51ed3a34d1, type: 3}
      propertyPath: m_LocalPosition.y
      value: -4.9525986
      objectReference: {fileID: 0}
    - target: {fileID: 6653900174871391142, guid: b3607d85dd3ee39439ee8c51ed3a34d1, type: 3}
      propertyPath: m_LocalPosition.z
      value: 0.25963974
      objectReference: {fileID: 0}
    - target: {fileID: 6653900174871391142, guid: b3607d85dd3ee39439ee8c51ed3a34d1, type: 3}
      propertyPath: m_LocalRotation.x
      value: -0.00000021606684
      objectReference: {fileID: 0}
    - target: {fileID: 6653900174871391142, guid: b3607d85dd3ee39439ee8c51ed3a34d1, type: 3}
      propertyPath: m_LocalRotation.y
      value: -0.00000018626451
      objectReference: {fileID: 0}
    - target: {fileID: 6653900174871391142, guid: b3607d85dd3ee39439ee8c51ed3a34d1, type: 3}
      propertyPath: m_LocalRotation.z
      value: 0.7071057
      objectReference: {fileID: 0}
    - target: {fileID: 6653900174871391142, guid: b3607d85dd3ee39439ee8c51ed3a34d1, type: 3}
      propertyPath: m_LocalRotation.w
      value: 0.70710796
      objectReference: {fileID: 0}
    - target: {fileID: 6653900174871391142, guid: b3607d85dd3ee39439ee8c51ed3a34d1, type: 3}
      propertyPath: m_RootOrder
      value: 2
      objectReference: {fileID: 0}
    - target: {fileID: 6653900174871391142, guid: b3607d85dd3ee39439ee8c51ed3a34d1, type: 3}
      propertyPath: m_LocalEulerAnglesHint.x
      value: 0
      objectReference: {fileID: 0}
    - target: {fileID: 6653900174871391142, guid: b3607d85dd3ee39439ee8c51ed3a34d1, type: 3}
      propertyPath: m_LocalEulerAnglesHint.y
      value: 0
      objectReference: {fileID: 0}
    - target: {fileID: 6653900174871391142, guid: b3607d85dd3ee39439ee8c51ed3a34d1, type: 3}
      propertyPath: m_LocalEulerAnglesHint.z
      value: 90
      objectReference: {fileID: 0}
    - target: {fileID: 6653900174871391142, guid: b3607d85dd3ee39439ee8c51ed3a34d1, type: 3}
      propertyPath: m_LocalScale.x
      value: 705.088
      objectReference: {fileID: 0}
    m_RemovedComponents: []
  m_SourcePrefab: {fileID: 100100000, guid: b3607d85dd3ee39439ee8c51ed3a34d1, type: 3}
--- !u!4 &8329788885923014026 stripped
Transform:
  m_CorrespondingSourceObject: {fileID: 6653900174871391142, guid: b3607d85dd3ee39439ee8c51ed3a34d1, type: 3}
  m_PrefabInstance: {fileID: 3444756938778103340}
  m_PrefabAsset: {fileID: 0}
--- !u!1001 &3444756938993489930
PrefabInstance:
  m_ObjectHideFlags: 0
  serializedVersion: 2
  m_Modification:
    m_TransformParent: {fileID: 6634153648911089093}
    m_Modifications:
    - target: {fileID: 6640977518403050960, guid: d6510120b2be632468cff2107ba4d55e, type: 3}
      propertyPath: m_LocalPosition.x
      value: 0.7821045
      objectReference: {fileID: 0}
    - target: {fileID: 6640977518403050960, guid: d6510120b2be632468cff2107ba4d55e, type: 3}
      propertyPath: m_LocalPosition.y
      value: -5.1194115
      objectReference: {fileID: 0}
    - target: {fileID: 6640977518403050960, guid: d6510120b2be632468cff2107ba4d55e, type: 3}
      propertyPath: m_LocalPosition.z
      value: -1.0022583
      objectReference: {fileID: 0}
    - target: {fileID: 6640977518403050960, guid: d6510120b2be632468cff2107ba4d55e, type: 3}
      propertyPath: m_LocalRotation.x
      value: -0
      objectReference: {fileID: 0}
    - target: {fileID: 6640977518403050960, guid: d6510120b2be632468cff2107ba4d55e, type: 3}
      propertyPath: m_LocalRotation.y
      value: -0
      objectReference: {fileID: 0}
    - target: {fileID: 6640977518403050960, guid: d6510120b2be632468cff2107ba4d55e, type: 3}
      propertyPath: m_LocalRotation.z
      value: -0
      objectReference: {fileID: 0}
    - target: {fileID: 6640977518403050960, guid: d6510120b2be632468cff2107ba4d55e, type: 3}
      propertyPath: m_LocalRotation.w
      value: 1
      objectReference: {fileID: 0}
    - target: {fileID: 6640977518403050960, guid: d6510120b2be632468cff2107ba4d55e, type: 3}
      propertyPath: m_RootOrder
      value: 0
      objectReference: {fileID: 0}
    - target: {fileID: 6640977518403050960, guid: d6510120b2be632468cff2107ba4d55e, type: 3}
      propertyPath: m_LocalEulerAnglesHint.x
      value: 0
      objectReference: {fileID: 0}
    - target: {fileID: 6640977518403050960, guid: d6510120b2be632468cff2107ba4d55e, type: 3}
      propertyPath: m_LocalEulerAnglesHint.y
      value: 0
      objectReference: {fileID: 0}
    - target: {fileID: 6640977518403050960, guid: d6510120b2be632468cff2107ba4d55e, type: 3}
      propertyPath: m_LocalEulerAnglesHint.z
      value: 0
      objectReference: {fileID: 0}
    - target: {fileID: 6640977518403050960, guid: d6510120b2be632468cff2107ba4d55e, type: 3}
      propertyPath: m_LocalScale.y
      value: 5.1566753
      objectReference: {fileID: 0}
    - target: {fileID: 6640977518403050960, guid: d6510120b2be632468cff2107ba4d55e, type: 3}
      propertyPath: m_LocalScale.x
      value: 2.266054
      objectReference: {fileID: 0}
    - target: {fileID: 6640977518403050960, guid: d6510120b2be632468cff2107ba4d55e, type: 3}
      propertyPath: m_LocalScale.z
      value: 14.711145
      objectReference: {fileID: 0}
    - target: {fileID: 6640977518403050963, guid: d6510120b2be632468cff2107ba4d55e, type: 3}
      propertyPath: m_Name
      value: LevelCube (7)
      objectReference: {fileID: 0}
    - target: {fileID: 6640977518403050966, guid: d6510120b2be632468cff2107ba4d55e, type: 3}
      propertyPath: m_Materials.Array.data[0]
      value: 
      objectReference: {fileID: 5561349426305759274, guid: db5be36ded27a9349953960360cfa081, type: 3}
    m_RemovedComponents: []
  m_SourcePrefab: {fileID: 100100000, guid: d6510120b2be632468cff2107ba4d55e, type: 3}
--- !u!4 &8351716538658588122 stripped
Transform:
  m_CorrespondingSourceObject: {fileID: 6640977518403050960, guid: d6510120b2be632468cff2107ba4d55e, type: 3}
  m_PrefabInstance: {fileID: 3444756938993489930}
  m_PrefabAsset: {fileID: 0}
--- !u!1001 &3444756939032133729
PrefabInstance:
  m_ObjectHideFlags: 0
  serializedVersion: 2
  m_Modification:
    m_TransformParent: {fileID: 6634153648911089093}
    m_Modifications:
    - target: {fileID: 6653900174871391141, guid: b3607d85dd3ee39439ee8c51ed3a34d1, type: 3}
      propertyPath: m_Name
      value: Framework (32)
      objectReference: {fileID: 0}
    - target: {fileID: 6653900174871391142, guid: b3607d85dd3ee39439ee8c51ed3a34d1, type: 3}
      propertyPath: m_LocalPosition.x
      value: -0.5383301
      objectReference: {fileID: 0}
    - target: {fileID: 6653900174871391142, guid: b3607d85dd3ee39439ee8c51ed3a34d1, type: 3}
      propertyPath: m_LocalPosition.y
      value: -4.9525986
      objectReference: {fileID: 0}
    - target: {fileID: 6653900174871391142, guid: b3607d85dd3ee39439ee8c51ed3a34d1, type: 3}
      propertyPath: m_LocalPosition.z
      value: 0.25963974
      objectReference: {fileID: 0}
    - target: {fileID: 6653900174871391142, guid: b3607d85dd3ee39439ee8c51ed3a34d1, type: 3}
      propertyPath: m_LocalRotation.x
      value: -0.00000021606684
      objectReference: {fileID: 0}
    - target: {fileID: 6653900174871391142, guid: b3607d85dd3ee39439ee8c51ed3a34d1, type: 3}
      propertyPath: m_LocalRotation.y
      value: -0.00000018626451
      objectReference: {fileID: 0}
    - target: {fileID: 6653900174871391142, guid: b3607d85dd3ee39439ee8c51ed3a34d1, type: 3}
      propertyPath: m_LocalRotation.z
      value: 0.7071057
      objectReference: {fileID: 0}
    - target: {fileID: 6653900174871391142, guid: b3607d85dd3ee39439ee8c51ed3a34d1, type: 3}
      propertyPath: m_LocalRotation.w
      value: 0.70710796
      objectReference: {fileID: 0}
    - target: {fileID: 6653900174871391142, guid: b3607d85dd3ee39439ee8c51ed3a34d1, type: 3}
      propertyPath: m_RootOrder
      value: 1
      objectReference: {fileID: 0}
    - target: {fileID: 6653900174871391142, guid: b3607d85dd3ee39439ee8c51ed3a34d1, type: 3}
      propertyPath: m_LocalEulerAnglesHint.x
      value: 0
      objectReference: {fileID: 0}
    - target: {fileID: 6653900174871391142, guid: b3607d85dd3ee39439ee8c51ed3a34d1, type: 3}
      propertyPath: m_LocalEulerAnglesHint.y
      value: 0
      objectReference: {fileID: 0}
    - target: {fileID: 6653900174871391142, guid: b3607d85dd3ee39439ee8c51ed3a34d1, type: 3}
      propertyPath: m_LocalEulerAnglesHint.z
      value: 90
      objectReference: {fileID: 0}
    - target: {fileID: 6653900174871391142, guid: b3607d85dd3ee39439ee8c51ed3a34d1, type: 3}
      propertyPath: m_LocalScale.x
      value: 705.088
      objectReference: {fileID: 0}
    m_RemovedComponents: []
  m_SourcePrefab: {fileID: 100100000, guid: b3607d85dd3ee39439ee8c51ed3a34d1, type: 3}
--- !u!4 &8329788886176558023 stripped
Transform:
  m_CorrespondingSourceObject: {fileID: 6653900174871391142, guid: b3607d85dd3ee39439ee8c51ed3a34d1, type: 3}
  m_PrefabInstance: {fileID: 3444756939032133729}
  m_PrefabAsset: {fileID: 0}
--- !u!1001 &3444756939079392574
PrefabInstance:
  m_ObjectHideFlags: 0
  serializedVersion: 2
  m_Modification:
    m_TransformParent: {fileID: 6634153648911089093}
    m_Modifications:
    - target: {fileID: 2392979478065358231, guid: 88e3898d2e07ec9439df7b148feb86ea, type: 3}
      propertyPath: m_Name
      value: Wall (6)
      objectReference: {fileID: 0}
    - target: {fileID: 2392979478065358233, guid: 88e3898d2e07ec9439df7b148feb86ea, type: 3}
      propertyPath: m_LocalPosition.x
      value: -0.4678955
      objectReference: {fileID: 0}
    - target: {fileID: 2392979478065358233, guid: 88e3898d2e07ec9439df7b148feb86ea, type: 3}
      propertyPath: m_LocalPosition.y
      value: -18.23315
      objectReference: {fileID: 0}
    - target: {fileID: 2392979478065358233, guid: 88e3898d2e07ec9439df7b148feb86ea, type: 3}
      propertyPath: m_LocalPosition.z
      value: -7.653372
      objectReference: {fileID: 0}
    - target: {fileID: 2392979478065358233, guid: 88e3898d2e07ec9439df7b148feb86ea, type: 3}
      propertyPath: m_LocalRotation.x
      value: -0
      objectReference: {fileID: 0}
    - target: {fileID: 2392979478065358233, guid: 88e3898d2e07ec9439df7b148feb86ea, type: 3}
      propertyPath: m_LocalRotation.y
      value: -0.70710576
      objectReference: {fileID: 0}
    - target: {fileID: 2392979478065358233, guid: 88e3898d2e07ec9439df7b148feb86ea, type: 3}
      propertyPath: m_LocalRotation.z
      value: -0
      objectReference: {fileID: 0}
    - target: {fileID: 2392979478065358233, guid: 88e3898d2e07ec9439df7b148feb86ea, type: 3}
      propertyPath: m_LocalRotation.w
      value: 0.70710784
      objectReference: {fileID: 0}
    - target: {fileID: 2392979478065358233, guid: 88e3898d2e07ec9439df7b148feb86ea, type: 3}
      propertyPath: m_RootOrder
      value: 8
      objectReference: {fileID: 0}
    - target: {fileID: 2392979478065358233, guid: 88e3898d2e07ec9439df7b148feb86ea, type: 3}
      propertyPath: m_LocalEulerAnglesHint.x
      value: 0
      objectReference: {fileID: 0}
    - target: {fileID: 2392979478065358233, guid: 88e3898d2e07ec9439df7b148feb86ea, type: 3}
      propertyPath: m_LocalEulerAnglesHint.y
      value: -90
      objectReference: {fileID: 0}
    - target: {fileID: 2392979478065358233, guid: 88e3898d2e07ec9439df7b148feb86ea, type: 3}
      propertyPath: m_LocalEulerAnglesHint.z
      value: 0
      objectReference: {fileID: 0}
    - target: {fileID: 2392979478065358233, guid: 88e3898d2e07ec9439df7b148feb86ea, type: 3}
      propertyPath: m_LocalScale.x
      value: 1.0283
      objectReference: {fileID: 0}
    - target: {fileID: 2392979478065358233, guid: 88e3898d2e07ec9439df7b148feb86ea, type: 3}
      propertyPath: m_LocalScale.y
      value: 1.0283
      objectReference: {fileID: 0}
    - target: {fileID: 2392979478065358233, guid: 88e3898d2e07ec9439df7b148feb86ea, type: 3}
      propertyPath: m_LocalScale.z
      value: 1.0283
      objectReference: {fileID: 0}
    m_RemovedComponents: []
  m_SourcePrefab: {fileID: 100100000, guid: 88e3898d2e07ec9439df7b148feb86ea, type: 3}
--- !u!4 &1079647882845436071 stripped
Transform:
  m_CorrespondingSourceObject: {fileID: 2392979478065358233, guid: 88e3898d2e07ec9439df7b148feb86ea, type: 3}
  m_PrefabInstance: {fileID: 3444756939079392574}
  m_PrefabAsset: {fileID: 0}
--- !u!1001 &3444756939188632012
PrefabInstance:
  m_ObjectHideFlags: 0
  serializedVersion: 2
  m_Modification:
    m_TransformParent: {fileID: 6634153648911089093}
    m_Modifications:
    - target: {fileID: 6653900174871391141, guid: b3607d85dd3ee39439ee8c51ed3a34d1, type: 3}
      propertyPath: m_Name
      value: Framework (31)
      objectReference: {fileID: 0}
    - target: {fileID: 6653900174871391142, guid: b3607d85dd3ee39439ee8c51ed3a34d1, type: 3}
      propertyPath: m_LocalPosition.x
      value: -0.5383301
      objectReference: {fileID: 0}
    - target: {fileID: 6653900174871391142, guid: b3607d85dd3ee39439ee8c51ed3a34d1, type: 3}
      propertyPath: m_LocalPosition.y
      value: -4.9525986
      objectReference: {fileID: 0}
    - target: {fileID: 6653900174871391142, guid: b3607d85dd3ee39439ee8c51ed3a34d1, type: 3}
      propertyPath: m_LocalPosition.z
      value: -4.2403603
      objectReference: {fileID: 0}
    - target: {fileID: 6653900174871391142, guid: b3607d85dd3ee39439ee8c51ed3a34d1, type: 3}
      propertyPath: m_LocalRotation.x
      value: -0.00000021606684
      objectReference: {fileID: 0}
    - target: {fileID: 6653900174871391142, guid: b3607d85dd3ee39439ee8c51ed3a34d1, type: 3}
      propertyPath: m_LocalRotation.y
      value: -0.00000018626451
      objectReference: {fileID: 0}
    - target: {fileID: 6653900174871391142, guid: b3607d85dd3ee39439ee8c51ed3a34d1, type: 3}
      propertyPath: m_LocalRotation.z
      value: 0.7071057
      objectReference: {fileID: 0}
    - target: {fileID: 6653900174871391142, guid: b3607d85dd3ee39439ee8c51ed3a34d1, type: 3}
      propertyPath: m_LocalRotation.w
      value: 0.70710796
      objectReference: {fileID: 0}
    - target: {fileID: 6653900174871391142, guid: b3607d85dd3ee39439ee8c51ed3a34d1, type: 3}
      propertyPath: m_RootOrder
      value: 4
      objectReference: {fileID: 0}
    - target: {fileID: 6653900174871391142, guid: b3607d85dd3ee39439ee8c51ed3a34d1, type: 3}
      propertyPath: m_LocalEulerAnglesHint.x
      value: 0
      objectReference: {fileID: 0}
    - target: {fileID: 6653900174871391142, guid: b3607d85dd3ee39439ee8c51ed3a34d1, type: 3}
      propertyPath: m_LocalEulerAnglesHint.y
      value: 0
      objectReference: {fileID: 0}
    - target: {fileID: 6653900174871391142, guid: b3607d85dd3ee39439ee8c51ed3a34d1, type: 3}
      propertyPath: m_LocalEulerAnglesHint.z
      value: 90
      objectReference: {fileID: 0}
    - target: {fileID: 6653900174871391142, guid: b3607d85dd3ee39439ee8c51ed3a34d1, type: 3}
      propertyPath: m_LocalScale.x
      value: 705.088
      objectReference: {fileID: 0}
    m_RemovedComponents: []
  m_SourcePrefab: {fileID: 100100000, guid: b3607d85dd3ee39439ee8c51ed3a34d1, type: 3}
--- !u!4 &8329788886334575210 stripped
Transform:
  m_CorrespondingSourceObject: {fileID: 6653900174871391142, guid: b3607d85dd3ee39439ee8c51ed3a34d1, type: 3}
  m_PrefabInstance: {fileID: 3444756939188632012}
  m_PrefabAsset: {fileID: 0}
