%YAML 1.1
%TAG !u! tag:unity3d.com,2011:
--- !u!1 &1405961901721390310
GameObject:
  m_ObjectHideFlags: 0
  m_CorrespondingSourceObject: {fileID: 0}
  m_PrefabInstance: {fileID: 0}
  m_PrefabAsset: {fileID: 0}
  serializedVersion: 6
  m_Component:
  - component: {fileID: 1405961901721390311}
  m_Layer: 0
  m_Name: GrapplerHand (1)
  m_TagString: Untagged
  m_Icon: {fileID: 0}
  m_NavMeshLayer: 0
  m_StaticEditorFlags: 0
  m_IsActive: 1
--- !u!4 &1405961901721390311
Transform:
  m_ObjectHideFlags: 0
  m_CorrespondingSourceObject: {fileID: 0}
  m_PrefabInstance: {fileID: 0}
  m_PrefabAsset: {fileID: 0}
  m_GameObject: {fileID: 1405961901721390310}
  m_LocalRotation: {x: -0.49999896, y: -0.50000113, z: -0.4999993, w: 0.50000054}
  m_LocalPosition: {x: 0.006779984, y: 0, z: 0.019156111}
  m_LocalScale: {x: 0.8406639, y: 0.8406647, z: 0.8406645}
  m_Children:
  - {fileID: 1443478016658930583}
  m_Father: {fileID: 1405961903662646259}
  m_RootOrder: 2
  m_LocalEulerAnglesHint: {x: -180, y: 0, z: 0}
--- !u!1 &1405961902087269974
GameObject:
  m_ObjectHideFlags: 0
  m_CorrespondingSourceObject: {fileID: 0}
  m_PrefabInstance: {fileID: 0}
  m_PrefabAsset: {fileID: 0}
  serializedVersion: 6
  m_Component:
  - component: {fileID: 1405961902087269975}
  m_Layer: 0
  m_Name: Grappler
  m_TagString: Untagged
  m_Icon: {fileID: 0}
  m_NavMeshLayer: 0
  m_StaticEditorFlags: 0
  m_IsActive: 1
--- !u!4 &1405961902087269975
Transform:
  m_ObjectHideFlags: 0
  m_CorrespondingSourceObject: {fileID: 0}
  m_PrefabInstance: {fileID: 0}
  m_PrefabAsset: {fileID: 0}
  m_GameObject: {fileID: 1405961902087269974}
  m_LocalRotation: {x: -0, y: -0, z: -0, w: 1}
  m_LocalPosition: {x: 0, y: -0.947, z: 0}
  m_LocalScale: {x: 35.301132, y: 39.152, z: 39.152}
  m_Children:
  - {fileID: 1405961903234923479}
  - {fileID: 1405961903102338402}
  - {fileID: 995284486187451275}
  - {fileID: 995284487403698590}
  m_Father: {fileID: 0}
  m_RootOrder: 0
  m_LocalEulerAnglesHint: {x: 0, y: 0, z: 0}
--- !u!1 &1405961902787049792
GameObject:
  m_ObjectHideFlags: 0
  m_CorrespondingSourceObject: {fileID: 0}
  m_PrefabInstance: {fileID: 0}
  m_PrefabAsset: {fileID: 0}
  serializedVersion: 6
  m_Component:
  - component: {fileID: 1405961902787049793}
  - component: {fileID: 1405961902787049794}
  m_Layer: 0
  m_Name: GrapplerSegment (1)
  m_TagString: Untagged
  m_Icon: {fileID: 0}
  m_NavMeshLayer: 0
  m_StaticEditorFlags: 0
  m_IsActive: 1
--- !u!4 &1405961902787049793
Transform:
  m_ObjectHideFlags: 0
  m_CorrespondingSourceObject: {fileID: 0}
  m_PrefabInstance: {fileID: 0}
  m_PrefabAsset: {fileID: 0}
  m_GameObject: {fileID: 1405961902787049792}
  m_LocalRotation: {x: -0, y: -0, z: -0, w: 1}
  m_LocalPosition: {x: 0, y: 0, z: 0.11493668}
  m_LocalScale: {x: 1, y: 1, z: 1}
  m_Children:
  - {fileID: 1443478017242848479}
  - {fileID: 1405961903662646259}
  m_Father: {fileID: 1405961903102338402}
  m_RootOrder: 1
  m_LocalEulerAnglesHint: {x: -90, y: 0, z: 0}
--- !u!114 &1405961902787049794
MonoBehaviour:
  m_ObjectHideFlags: 0
  m_CorrespondingSourceObject: {fileID: 0}
  m_PrefabInstance: {fileID: 0}
  m_PrefabAsset: {fileID: 0}
  m_GameObject: {fileID: 1405961902787049792}
  m_Enabled: 1
  m_EditorHideFlags: 0
  m_Script: {fileID: 11500000, guid: 934578ccf19eb5b48a72159077dfc6b8, type: 3}
  m_Name: 
  m_EditorClassIdentifier: 
  target: {fileID: 8260386469592289036}
--- !u!1 &1405961903102338401
GameObject:
  m_ObjectHideFlags: 0
  m_CorrespondingSourceObject: {fileID: 0}
  m_PrefabInstance: {fileID: 0}
  m_PrefabAsset: {fileID: 0}
  serializedVersion: 6
  m_Component:
  - component: {fileID: 1405961903102338402}
  - component: {fileID: 1405961903102338403}
  m_Layer: 0
  m_Name: GrapplerSegment
  m_TagString: Untagged
  m_Icon: {fileID: 0}
  m_NavMeshLayer: 0
  m_StaticEditorFlags: 0
  m_IsActive: 1
--- !u!4 &1405961903102338402
Transform:
  m_ObjectHideFlags: 0
  m_CorrespondingSourceObject: {fileID: 0}
  m_PrefabInstance: {fileID: 0}
  m_PrefabAsset: {fileID: 0}
  m_GameObject: {fileID: 1405961903102338401}
  m_LocalRotation: {x: -0.7071065, y: -0, z: -0, w: 0.7071072}
  m_LocalPosition: {x: 0, y: 0.02418778, z: 0}
  m_LocalScale: {x: 1.1090863, y: 1, z: 1}
  m_Children:
  - {fileID: 1443478017556270840}
  - {fileID: 1405961902787049793}
  m_Father: {fileID: 1405961902087269975}
  m_RootOrder: 1
  m_LocalEulerAnglesHint: {x: -90, y: 0, z: 0}
--- !u!114 &1405961903102338403
MonoBehaviour:
  m_ObjectHideFlags: 0
  m_CorrespondingSourceObject: {fileID: 0}
  m_PrefabInstance: {fileID: 0}
  m_PrefabAsset: {fileID: 0}
  m_GameObject: {fileID: 1405961903102338401}
  m_Enabled: 1
  m_EditorHideFlags: 0
  m_Script: {fileID: 11500000, guid: 934578ccf19eb5b48a72159077dfc6b8, type: 3}
  m_Name: 
  m_EditorClassIdentifier: 
  target: {fileID: 8260386470757643545}
--- !u!1 &1405961903234923478
GameObject:
  m_ObjectHideFlags: 0
  m_CorrespondingSourceObject: {fileID: 0}
  m_PrefabInstance: {fileID: 0}
  m_PrefabAsset: {fileID: 0}
  serializedVersion: 6
  m_Component:
  - component: {fileID: 1405961903234923479}
  m_Layer: 0
  m_Name: GrapplerGroundSegment
  m_TagString: Untagged
  m_Icon: {fileID: 0}
  m_NavMeshLayer: 0
  m_StaticEditorFlags: 0
  m_IsActive: 1
--- !u!4 &1405961903234923479
Transform:
  m_ObjectHideFlags: 0
  m_CorrespondingSourceObject: {fileID: 0}
  m_PrefabInstance: {fileID: 0}
  m_PrefabAsset: {fileID: 0}
  m_GameObject: {fileID: 1405961903234923478}
  m_LocalRotation: {x: -0, y: -0, z: -0, w: 1}
  m_LocalPosition: {x: 0, y: 0.02418778, z: 0}
  m_LocalScale: {x: 1, y: 1, z: 1}
  m_Children:
  - {fileID: 1443478015964351705}
  - {fileID: 1443478017044729061}
  m_Father: {fileID: 1405961902087269975}
  m_RootOrder: 0
  m_LocalEulerAnglesHint: {x: 0, y: 0, z: 0}
--- !u!1 &1405961903662646258
GameObject:
  m_ObjectHideFlags: 0
  m_CorrespondingSourceObject: {fileID: 0}
  m_PrefabInstance: {fileID: 0}
  m_PrefabAsset: {fileID: 0}
  serializedVersion: 6
  m_Component:
  - component: {fileID: 1405961903662646259}
  m_Layer: 0
  m_Name: GrapplerHandMount
  m_TagString: Untagged
  m_Icon: {fileID: 0}
  m_NavMeshLayer: 0
  m_StaticEditorFlags: 0
  m_IsActive: 1
--- !u!4 &1405961903662646259
Transform:
  m_ObjectHideFlags: 0
  m_CorrespondingSourceObject: {fileID: 0}
  m_PrefabInstance: {fileID: 0}
  m_PrefabAsset: {fileID: 0}
  m_GameObject: {fileID: 1405961903662646258}
  m_LocalRotation: {x: -0.0000016391275, y: 0.0000009353603, z: -0.00000009810803, w: 1}
  m_LocalPosition: {x: 0, y: 0, z: 0.129623}
  m_LocalScale: {x: 1, y: 1, z: 1}
  m_Children:
  - {fileID: 1443478017428268816}
  - {fileID: 1405961903705317016}
  - {fileID: 1405961901721390311}
  m_Father: {fileID: 1405961902787049793}
  m_RootOrder: 1
  m_LocalEulerAnglesHint: {x: -90, y: 0, z: 0}
--- !u!1 &1405961903705316999
GameObject:
  m_ObjectHideFlags: 0
  m_CorrespondingSourceObject: {fileID: 0}
  m_PrefabInstance: {fileID: 0}
  m_PrefabAsset: {fileID: 0}
  serializedVersion: 6
  m_Component:
  - component: {fileID: 1405961903705317016}
  m_Layer: 0
  m_Name: GrapplerHand
  m_TagString: Untagged
  m_Icon: {fileID: 0}
  m_NavMeshLayer: 0
  m_StaticEditorFlags: 0
  m_IsActive: 1
--- !u!4 &1405961903705317016
Transform:
  m_ObjectHideFlags: 0
  m_CorrespondingSourceObject: {fileID: 0}
  m_PrefabInstance: {fileID: 0}
  m_PrefabAsset: {fileID: 0}
  m_GameObject: {fileID: 1405961903705316999}
  m_LocalRotation: {x: 0.50000024, y: -0.4999996, z: 0.50000083, w: 0.49999925}
  m_LocalPosition: {x: -0.00685002, y: 0, z: 0.019156098}
  m_LocalScale: {x: 0.8406639, y: 0.8406643, z: 0.84066415}
  m_Children:
  - {fileID: 1443478016825218836}
  m_Father: {fileID: 1405961903662646259}
  m_RootOrder: 1
  m_LocalEulerAnglesHint: {x: 0, y: 0, z: 0}
--- !u!1001 &1405961901652154018
PrefabInstance:
  m_ObjectHideFlags: 0
  serializedVersion: 2
  m_Modification:
    m_TransformParent: {fileID: 1405961902087269975}
    m_Modifications:
    - target: {fileID: 382200968474587017, guid: 0da170b00a53d1e4ea682cf20e750c0c, type: 3}
      propertyPath: m_Name
      value: PlatformMoving (1)
      objectReference: {fileID: 0}
    - target: {fileID: 2118081183736791532, guid: 0da170b00a53d1e4ea682cf20e750c0c, type: 3}
      propertyPath: movementPattern
      value: 0
      objectReference: {fileID: 0}
    - target: {fileID: 2118081183736791532, guid: 0da170b00a53d1e4ea682cf20e750c0c, type: 3}
      propertyPath: localMoveTargetPosition.x
      value: 7.75
      objectReference: {fileID: 0}
    - target: {fileID: 2118081183736791532, guid: 0da170b00a53d1e4ea682cf20e750c0c, type: 3}
      propertyPath: travelTime
      value: 4
      objectReference: {fileID: 0}
    - target: {fileID: 2183417961402003260, guid: 0da170b00a53d1e4ea682cf20e750c0c, type: 3}
      propertyPath: m_LocalPosition.x
      value: 0
      objectReference: {fileID: 0}
    - target: {fileID: 2183417961402003260, guid: 0da170b00a53d1e4ea682cf20e750c0c, type: 3}
      propertyPath: m_LocalPosition.y
      value: 0.28062212
      objectReference: {fileID: 0}
    - target: {fileID: 2183417961402003260, guid: 0da170b00a53d1e4ea682cf20e750c0c, type: 3}
      propertyPath: m_LocalPosition.z
      value: 0
      objectReference: {fileID: 0}
    - target: {fileID: 2183417961402003260, guid: 0da170b00a53d1e4ea682cf20e750c0c, type: 3}
      propertyPath: m_LocalRotation.x
      value: -0
      objectReference: {fileID: 0}
    - target: {fileID: 2183417961402003260, guid: 0da170b00a53d1e4ea682cf20e750c0c, type: 3}
      propertyPath: m_LocalRotation.y
      value: -0
      objectReference: {fileID: 0}
    - target: {fileID: 2183417961402003260, guid: 0da170b00a53d1e4ea682cf20e750c0c, type: 3}
      propertyPath: m_LocalRotation.z
      value: -0
      objectReference: {fileID: 0}
    - target: {fileID: 2183417961402003260, guid: 0da170b00a53d1e4ea682cf20e750c0c, type: 3}
      propertyPath: m_LocalRotation.w
      value: 1
      objectReference: {fileID: 0}
    - target: {fileID: 2183417961402003260, guid: 0da170b00a53d1e4ea682cf20e750c0c, type: 3}
      propertyPath: m_RootOrder
      value: 3
      objectReference: {fileID: 0}
    - target: {fileID: 2183417961402003260, guid: 0da170b00a53d1e4ea682cf20e750c0c, type: 3}
      propertyPath: m_LocalEulerAnglesHint.x
      value: 0
      objectReference: {fileID: 0}
    - target: {fileID: 2183417961402003260, guid: 0da170b00a53d1e4ea682cf20e750c0c, type: 3}
      propertyPath: m_LocalEulerAnglesHint.y
      value: 0
      objectReference: {fileID: 0}
    - target: {fileID: 2183417961402003260, guid: 0da170b00a53d1e4ea682cf20e750c0c, type: 3}
      propertyPath: m_LocalEulerAnglesHint.z
      value: 0
      objectReference: {fileID: 0}
    - target: {fileID: 2183417961402003260, guid: 0da170b00a53d1e4ea682cf20e750c0c, type: 3}
      propertyPath: m_LocalScale.x
      value: 0.028327703
      objectReference: {fileID: 0}
    - target: {fileID: 2183417961402003260, guid: 0da170b00a53d1e4ea682cf20e750c0c, type: 3}
      propertyPath: m_LocalScale.y
      value: 0.025541482
      objectReference: {fileID: 0}
    - target: {fileID: 2183417961402003260, guid: 0da170b00a53d1e4ea682cf20e750c0c, type: 3}
      propertyPath: m_LocalScale.z
      value: 0.025541482
      objectReference: {fileID: 0}
    - target: {fileID: 8800286062009538843, guid: 0da170b00a53d1e4ea682cf20e750c0c, type: 3}
      propertyPath: m_Name
      value: TargetSegment2
      objectReference: {fileID: 0}
    m_RemovedComponents:
    - {fileID: 5074233065598632921, guid: 0da170b00a53d1e4ea682cf20e750c0c, type: 3}
  m_SourcePrefab: {fileID: 100100000, guid: 0da170b00a53d1e4ea682cf20e750c0c, type: 3}
--- !u!4 &995284487403698590 stripped
Transform:
  m_CorrespondingSourceObject: {fileID: 2183417961402003260, guid: 0da170b00a53d1e4ea682cf20e750c0c, type: 3}
  m_PrefabInstance: {fileID: 1405961901652154018}
  m_PrefabAsset: {fileID: 0}
--- !u!4 &8260386469592289036 stripped
Transform:
  m_CorrespondingSourceObject: {fileID: 6998650291311106478, guid: 0da170b00a53d1e4ea682cf20e750c0c, type: 3}
  m_PrefabInstance: {fileID: 1405961901652154018}
  m_PrefabAsset: {fileID: 0}
--- !u!1001 &1405961901912598803
PrefabInstance:
  m_ObjectHideFlags: 0
  serializedVersion: 2
  m_Modification:
    m_TransformParent: {fileID: 1405961903102338402}
    m_Modifications:
    - target: {fileID: -8679921383154817045, guid: 8df4769079ccd3049848e38fc306a3d1, type: 3}
      propertyPath: m_LocalPosition.x
      value: 0
      objectReference: {fileID: 0}
    - target: {fileID: -8679921383154817045, guid: 8df4769079ccd3049848e38fc306a3d1, type: 3}
      propertyPath: m_LocalPosition.y
      value: 0
      objectReference: {fileID: 0}
    - target: {fileID: -8679921383154817045, guid: 8df4769079ccd3049848e38fc306a3d1, type: 3}
      propertyPath: m_LocalPosition.z
      value: 0
      objectReference: {fileID: 0}
    - target: {fileID: -8679921383154817045, guid: 8df4769079ccd3049848e38fc306a3d1, type: 3}
      propertyPath: m_LocalRotation.x
      value: 0.5
      objectReference: {fileID: 0}
    - target: {fileID: -8679921383154817045, guid: 8df4769079ccd3049848e38fc306a3d1, type: 3}
      propertyPath: m_LocalRotation.y
      value: 0.5
      objectReference: {fileID: 0}
    - target: {fileID: -8679921383154817045, guid: 8df4769079ccd3049848e38fc306a3d1, type: 3}
      propertyPath: m_LocalRotation.z
      value: 0.4999995
      objectReference: {fileID: 0}
    - target: {fileID: -8679921383154817045, guid: 8df4769079ccd3049848e38fc306a3d1, type: 3}
      propertyPath: m_LocalRotation.w
      value: 0.50000054
      objectReference: {fileID: 0}
    - target: {fileID: -8679921383154817045, guid: 8df4769079ccd3049848e38fc306a3d1, type: 3}
      propertyPath: m_RootOrder
      value: 0
      objectReference: {fileID: 0}
    - target: {fileID: -8679921383154817045, guid: 8df4769079ccd3049848e38fc306a3d1, type: 3}
      propertyPath: m_LocalEulerAnglesHint.x
      value: 0
      objectReference: {fileID: 0}
    - target: {fileID: -8679921383154817045, guid: 8df4769079ccd3049848e38fc306a3d1, type: 3}
      propertyPath: m_LocalEulerAnglesHint.y
      value: 90
      objectReference: {fileID: 0}
    - target: {fileID: -8679921383154817045, guid: 8df4769079ccd3049848e38fc306a3d1, type: 3}
      propertyPath: m_LocalEulerAnglesHint.z
      value: 90
      objectReference: {fileID: 0}
    - target: {fileID: -8679921383154817045, guid: 8df4769079ccd3049848e38fc306a3d1, type: 3}
      propertyPath: m_LocalScale.x
      value: 1
      objectReference: {fileID: 0}
    - target: {fileID: -8679921383154817045, guid: 8df4769079ccd3049848e38fc306a3d1, type: 3}
      propertyPath: m_LocalScale.y
      value: 1
      objectReference: {fileID: 0}
    - target: {fileID: -8679921383154817045, guid: 8df4769079ccd3049848e38fc306a3d1, type: 3}
      propertyPath: m_LocalScale.z
      value: 1
      objectReference: {fileID: 0}
    - target: {fileID: 919132149155446097, guid: 8df4769079ccd3049848e38fc306a3d1, type: 3}
      propertyPath: m_Name
      value: GreifarmSegmentModell
      objectReference: {fileID: 0}
    m_RemovedComponents: []
  m_SourcePrefab: {fileID: 100100000, guid: 8df4769079ccd3049848e38fc306a3d1, type: 3}
--- !u!4 &1443478017556270840 stripped
Transform:
  m_CorrespondingSourceObject: {fileID: -8679921383154817045, guid: 8df4769079ccd3049848e38fc306a3d1, type: 3}
  m_PrefabInstance: {fileID: 1405961901912598803}
  m_PrefabAsset: {fileID: 0}
--- !u!1001 &1405961902048723195
PrefabInstance:
  m_ObjectHideFlags: 0
  serializedVersion: 2
  m_Modification:
    m_TransformParent: {fileID: 1405961903662646259}
    m_Modifications:
    - target: {fileID: -8679921383154817045, guid: 097f5671f14e4ce4bb93d40056eb446f, type: 3}
      propertyPath: m_LocalPosition.x
      value: 0
      objectReference: {fileID: 0}
    - target: {fileID: -8679921383154817045, guid: 097f5671f14e4ce4bb93d40056eb446f, type: 3}
      propertyPath: m_LocalPosition.y
      value: 0
      objectReference: {fileID: 0}
    - target: {fileID: -8679921383154817045, guid: 097f5671f14e4ce4bb93d40056eb446f, type: 3}
      propertyPath: m_LocalPosition.z
      value: 0
      objectReference: {fileID: 0}
    - target: {fileID: -8679921383154817045, guid: 097f5671f14e4ce4bb93d40056eb446f, type: 3}
      propertyPath: m_LocalRotation.x
      value: 0.50000024
      objectReference: {fileID: 0}
    - target: {fileID: -8679921383154817045, guid: 097f5671f14e4ce4bb93d40056eb446f, type: 3}
      propertyPath: m_LocalRotation.y
      value: -0.4999996
      objectReference: {fileID: 0}
    - target: {fileID: -8679921383154817045, guid: 097f5671f14e4ce4bb93d40056eb446f, type: 3}
      propertyPath: m_LocalRotation.z
      value: 0.50000083
      objectReference: {fileID: 0}
    - target: {fileID: -8679921383154817045, guid: 097f5671f14e4ce4bb93d40056eb446f, type: 3}
      propertyPath: m_LocalRotation.w
      value: 0.49999925
      objectReference: {fileID: 0}
    - target: {fileID: -8679921383154817045, guid: 097f5671f14e4ce4bb93d40056eb446f, type: 3}
      propertyPath: m_RootOrder
      value: 0
      objectReference: {fileID: 0}
    - target: {fileID: -8679921383154817045, guid: 097f5671f14e4ce4bb93d40056eb446f, type: 3}
      propertyPath: m_LocalEulerAnglesHint.x
      value: 0
      objectReference: {fileID: 0}
    - target: {fileID: -8679921383154817045, guid: 097f5671f14e4ce4bb93d40056eb446f, type: 3}
      propertyPath: m_LocalEulerAnglesHint.y
      value: 0
      objectReference: {fileID: 0}
    - target: {fileID: -8679921383154817045, guid: 097f5671f14e4ce4bb93d40056eb446f, type: 3}
      propertyPath: m_LocalEulerAnglesHint.z
      value: 0
      objectReference: {fileID: 0}
    - target: {fileID: -8679921383154817045, guid: 097f5671f14e4ce4bb93d40056eb446f, type: 3}
      propertyPath: m_LocalScale.x
      value: 1
      objectReference: {fileID: 0}
    - target: {fileID: -8679921383154817045, guid: 097f5671f14e4ce4bb93d40056eb446f, type: 3}
      propertyPath: m_LocalScale.y
      value: 1
      objectReference: {fileID: 0}
    - target: {fileID: -8679921383154817045, guid: 097f5671f14e4ce4bb93d40056eb446f, type: 3}
      propertyPath: m_LocalScale.z
      value: 1
      objectReference: {fileID: 0}
    - target: {fileID: 919132149155446097, guid: 097f5671f14e4ce4bb93d40056eb446f, type: 3}
      propertyPath: m_Name
      value: GreifarmGreiferStutze
      objectReference: {fileID: 0}
    m_RemovedComponents: []
  m_SourcePrefab: {fileID: 100100000, guid: 097f5671f14e4ce4bb93d40056eb446f, type: 3}
--- !u!4 &1443478017428268816 stripped
Transform:
  m_CorrespondingSourceObject: {fileID: -8679921383154817045, guid: 097f5671f14e4ce4bb93d40056eb446f, type: 3}
  m_PrefabInstance: {fileID: 1405961902048723195}
  m_PrefabAsset: {fileID: 0}
--- !u!1001 &1405961902200535860
PrefabInstance:
  m_ObjectHideFlags: 0
  serializedVersion: 2
  m_Modification:
    m_TransformParent: {fileID: 1405961902787049793}
    m_Modifications:
    - target: {fileID: -8679921383154817045, guid: 8df4769079ccd3049848e38fc306a3d1, type: 3}
      propertyPath: m_LocalPosition.x
      value: 0
      objectReference: {fileID: 0}
    - target: {fileID: -8679921383154817045, guid: 8df4769079ccd3049848e38fc306a3d1, type: 3}
      propertyPath: m_LocalPosition.y
      value: 0
      objectReference: {fileID: 0}
    - target: {fileID: -8679921383154817045, guid: 8df4769079ccd3049848e38fc306a3d1, type: 3}
      propertyPath: m_LocalPosition.z
      value: 0
      objectReference: {fileID: 0}
    - target: {fileID: -8679921383154817045, guid: 8df4769079ccd3049848e38fc306a3d1, type: 3}
      propertyPath: m_LocalRotation.x
      value: 0.5
      objectReference: {fileID: 0}
    - target: {fileID: -8679921383154817045, guid: 8df4769079ccd3049848e38fc306a3d1, type: 3}
      propertyPath: m_LocalRotation.y
      value: 0.5
      objectReference: {fileID: 0}
    - target: {fileID: -8679921383154817045, guid: 8df4769079ccd3049848e38fc306a3d1, type: 3}
      propertyPath: m_LocalRotation.z
      value: 0.4999995
      objectReference: {fileID: 0}
    - target: {fileID: -8679921383154817045, guid: 8df4769079ccd3049848e38fc306a3d1, type: 3}
      propertyPath: m_LocalRotation.w
      value: 0.50000054
      objectReference: {fileID: 0}
    - target: {fileID: -8679921383154817045, guid: 8df4769079ccd3049848e38fc306a3d1, type: 3}
      propertyPath: m_RootOrder
      value: 0
      objectReference: {fileID: 0}
    - target: {fileID: -8679921383154817045, guid: 8df4769079ccd3049848e38fc306a3d1, type: 3}
      propertyPath: m_LocalEulerAnglesHint.x
      value: 0
      objectReference: {fileID: 0}
    - target: {fileID: -8679921383154817045, guid: 8df4769079ccd3049848e38fc306a3d1, type: 3}
      propertyPath: m_LocalEulerAnglesHint.y
      value: 90
      objectReference: {fileID: 0}
    - target: {fileID: -8679921383154817045, guid: 8df4769079ccd3049848e38fc306a3d1, type: 3}
      propertyPath: m_LocalEulerAnglesHint.z
      value: 90
      objectReference: {fileID: 0}
    - target: {fileID: -8679921383154817045, guid: 8df4769079ccd3049848e38fc306a3d1, type: 3}
      propertyPath: m_LocalScale.x
      value: 1
      objectReference: {fileID: 0}
    - target: {fileID: -8679921383154817045, guid: 8df4769079ccd3049848e38fc306a3d1, type: 3}
      propertyPath: m_LocalScale.y
      value: 1
      objectReference: {fileID: 0}
    - target: {fileID: -8679921383154817045, guid: 8df4769079ccd3049848e38fc306a3d1, type: 3}
      propertyPath: m_LocalScale.z
      value: 1
      objectReference: {fileID: 0}
    - target: {fileID: 919132149155446097, guid: 8df4769079ccd3049848e38fc306a3d1, type: 3}
      propertyPath: m_Name
      value: GreifarmSegmentModell
      objectReference: {fileID: 0}
    m_RemovedComponents: []
  m_SourcePrefab: {fileID: 100100000, guid: 8df4769079ccd3049848e38fc306a3d1, type: 3}
--- !u!4 &1443478017242848479 stripped
Transform:
  m_CorrespondingSourceObject: {fileID: -8679921383154817045, guid: 8df4769079ccd3049848e38fc306a3d1, type: 3}
  m_PrefabInstance: {fileID: 1405961902200535860}
  m_PrefabAsset: {fileID: 0}
--- !u!1001 &1405961902423812878
PrefabInstance:
  m_ObjectHideFlags: 0
  serializedVersion: 2
  m_Modification:
    m_TransformParent: {fileID: 1405961903234923479}
    m_Modifications:
    - target: {fileID: -8679921383154817045, guid: 5d19380d22244cf4cb0c40b93a29d65d, type: 3}
      propertyPath: m_LocalPosition.x
      value: 0
      objectReference: {fileID: 0}
    - target: {fileID: -8679921383154817045, guid: 5d19380d22244cf4cb0c40b93a29d65d, type: 3}
      propertyPath: m_LocalPosition.y
      value: -0.01514
      objectReference: {fileID: 0}
    - target: {fileID: -8679921383154817045, guid: 5d19380d22244cf4cb0c40b93a29d65d, type: 3}
      propertyPath: m_LocalPosition.z
      value: 0
      objectReference: {fileID: 0}
    - target: {fileID: -8679921383154817045, guid: 5d19380d22244cf4cb0c40b93a29d65d, type: 3}
      propertyPath: m_LocalRotation.x
      value: -0
      objectReference: {fileID: 0}
    - target: {fileID: -8679921383154817045, guid: 5d19380d22244cf4cb0c40b93a29d65d, type: 3}
      propertyPath: m_LocalRotation.y
      value: -0
      objectReference: {fileID: 0}
    - target: {fileID: -8679921383154817045, guid: 5d19380d22244cf4cb0c40b93a29d65d, type: 3}
      propertyPath: m_LocalRotation.z
      value: -0
      objectReference: {fileID: 0}
    - target: {fileID: -8679921383154817045, guid: 5d19380d22244cf4cb0c40b93a29d65d, type: 3}
      propertyPath: m_LocalRotation.w
      value: 1
      objectReference: {fileID: 0}
    - target: {fileID: -8679921383154817045, guid: 5d19380d22244cf4cb0c40b93a29d65d, type: 3}
      propertyPath: m_RootOrder
      value: 1
      objectReference: {fileID: 0}
    - target: {fileID: -8679921383154817045, guid: 5d19380d22244cf4cb0c40b93a29d65d, type: 3}
      propertyPath: m_LocalEulerAnglesHint.x
      value: 0
      objectReference: {fileID: 0}
    - target: {fileID: -8679921383154817045, guid: 5d19380d22244cf4cb0c40b93a29d65d, type: 3}
      propertyPath: m_LocalEulerAnglesHint.y
      value: 0
      objectReference: {fileID: 0}
    - target: {fileID: -8679921383154817045, guid: 5d19380d22244cf4cb0c40b93a29d65d, type: 3}
      propertyPath: m_LocalEulerAnglesHint.z
      value: 0
      objectReference: {fileID: 0}
    - target: {fileID: -8679921383154817045, guid: 5d19380d22244cf4cb0c40b93a29d65d, type: 3}
      propertyPath: m_LocalScale.x
      value: 1
      objectReference: {fileID: 0}
    - target: {fileID: -8679921383154817045, guid: 5d19380d22244cf4cb0c40b93a29d65d, type: 3}
      propertyPath: m_LocalScale.y
      value: 1
      objectReference: {fileID: 0}
    - target: {fileID: -8679921383154817045, guid: 5d19380d22244cf4cb0c40b93a29d65d, type: 3}
      propertyPath: m_LocalScale.z
      value: 1
      objectReference: {fileID: 0}
    - target: {fileID: 919132149155446097, guid: 5d19380d22244cf4cb0c40b93a29d65d, type: 3}
      propertyPath: m_Name
      value: GreifarmFu2
      objectReference: {fileID: 0}
    m_RemovedComponents: []
  m_SourcePrefab: {fileID: 100100000, guid: 5d19380d22244cf4cb0c40b93a29d65d, type: 3}
--- !u!4 &1443478017044729061 stripped
Transform:
  m_CorrespondingSourceObject: {fileID: -8679921383154817045, guid: 5d19380d22244cf4cb0c40b93a29d65d, type: 3}
  m_PrefabInstance: {fileID: 1405961902423812878}
  m_PrefabAsset: {fileID: 0}
--- !u!1001 &1405961902652043519
PrefabInstance:
  m_ObjectHideFlags: 0
  serializedVersion: 2
  m_Modification:
    m_TransformParent: {fileID: 1405961903705317016}
    m_Modifications:
    - target: {fileID: -8679921383154817045, guid: dd77b0a2c21ea964885e25546aa3d6b8, type: 3}
      propertyPath: m_LocalPosition.x
      value: 0
      objectReference: {fileID: 0}
    - target: {fileID: -8679921383154817045, guid: dd77b0a2c21ea964885e25546aa3d6b8, type: 3}
      propertyPath: m_LocalPosition.y
      value: 0
      objectReference: {fileID: 0}
    - target: {fileID: -8679921383154817045, guid: dd77b0a2c21ea964885e25546aa3d6b8, type: 3}
      propertyPath: m_LocalPosition.z
      value: 0
      objectReference: {fileID: 0}
    - target: {fileID: -8679921383154817045, guid: dd77b0a2c21ea964885e25546aa3d6b8, type: 3}
      propertyPath: m_LocalRotation.x
      value: -0
      objectReference: {fileID: 0}
    - target: {fileID: -8679921383154817045, guid: dd77b0a2c21ea964885e25546aa3d6b8, type: 3}
      propertyPath: m_LocalRotation.y
      value: -0
      objectReference: {fileID: 0}
    - target: {fileID: -8679921383154817045, guid: dd77b0a2c21ea964885e25546aa3d6b8, type: 3}
      propertyPath: m_LocalRotation.z
      value: -0
      objectReference: {fileID: 0}
    - target: {fileID: -8679921383154817045, guid: dd77b0a2c21ea964885e25546aa3d6b8, type: 3}
      propertyPath: m_LocalRotation.w
      value: 1
      objectReference: {fileID: 0}
    - target: {fileID: -8679921383154817045, guid: dd77b0a2c21ea964885e25546aa3d6b8, type: 3}
      propertyPath: m_RootOrder
      value: 0
      objectReference: {fileID: 0}
    - target: {fileID: -8679921383154817045, guid: dd77b0a2c21ea964885e25546aa3d6b8, type: 3}
      propertyPath: m_LocalEulerAnglesHint.x
      value: 0
      objectReference: {fileID: 0}
    - target: {fileID: -8679921383154817045, guid: dd77b0a2c21ea964885e25546aa3d6b8, type: 3}
      propertyPath: m_LocalEulerAnglesHint.y
      value: 0
      objectReference: {fileID: 0}
    - target: {fileID: -8679921383154817045, guid: dd77b0a2c21ea964885e25546aa3d6b8, type: 3}
      propertyPath: m_LocalEulerAnglesHint.z
      value: 0
      objectReference: {fileID: 0}
    - target: {fileID: -8679921383154817045, guid: dd77b0a2c21ea964885e25546aa3d6b8, type: 3}
      propertyPath: m_LocalScale.x
      value: 1
      objectReference: {fileID: 0}
    - target: {fileID: -8679921383154817045, guid: dd77b0a2c21ea964885e25546aa3d6b8, type: 3}
      propertyPath: m_LocalScale.y
      value: 1
      objectReference: {fileID: 0}
    - target: {fileID: -8679921383154817045, guid: dd77b0a2c21ea964885e25546aa3d6b8, type: 3}
      propertyPath: m_LocalScale.z
      value: 1
      objectReference: {fileID: 0}
    - target: {fileID: 919132149155446097, guid: dd77b0a2c21ea964885e25546aa3d6b8, type: 3}
      propertyPath: m_Name
      value: GreifarmGreifer
      objectReference: {fileID: 0}
    m_RemovedComponents: []
  m_SourcePrefab: {fileID: 100100000, guid: dd77b0a2c21ea964885e25546aa3d6b8, type: 3}
--- !u!4 &1443478016825218836 stripped
Transform:
  m_CorrespondingSourceObject: {fileID: -8679921383154817045, guid: dd77b0a2c21ea964885e25546aa3d6b8, type: 3}
  m_PrefabInstance: {fileID: 1405961902652043519}
  m_PrefabAsset: {fileID: 0}
--- !u!1001 &1405961902776327292
PrefabInstance:
  m_ObjectHideFlags: 0
  serializedVersion: 2
  m_Modification:
    m_TransformParent: {fileID: 1405961901721390311}
    m_Modifications:
    - target: {fileID: -8679921383154817045, guid: dd77b0a2c21ea964885e25546aa3d6b8, type: 3}
      propertyPath: m_LocalPosition.x
      value: 0
      objectReference: {fileID: 0}
    - target: {fileID: -8679921383154817045, guid: dd77b0a2c21ea964885e25546aa3d6b8, type: 3}
      propertyPath: m_LocalPosition.y
      value: 0
      objectReference: {fileID: 0}
    - target: {fileID: -8679921383154817045, guid: dd77b0a2c21ea964885e25546aa3d6b8, type: 3}
      propertyPath: m_LocalPosition.z
      value: 0
      objectReference: {fileID: 0}
    - target: {fileID: -8679921383154817045, guid: dd77b0a2c21ea964885e25546aa3d6b8, type: 3}
      propertyPath: m_LocalRotation.x
      value: -0
      objectReference: {fileID: 0}
    - target: {fileID: -8679921383154817045, guid: dd77b0a2c21ea964885e25546aa3d6b8, type: 3}
      propertyPath: m_LocalRotation.y
      value: -0
      objectReference: {fileID: 0}
    - target: {fileID: -8679921383154817045, guid: dd77b0a2c21ea964885e25546aa3d6b8, type: 3}
      propertyPath: m_LocalRotation.z
      value: -0
      objectReference: {fileID: 0}
    - target: {fileID: -8679921383154817045, guid: dd77b0a2c21ea964885e25546aa3d6b8, type: 3}
      propertyPath: m_LocalRotation.w
      value: 1
      objectReference: {fileID: 0}
    - target: {fileID: -8679921383154817045, guid: dd77b0a2c21ea964885e25546aa3d6b8, type: 3}
      propertyPath: m_RootOrder
      value: 0
      objectReference: {fileID: 0}
    - target: {fileID: -8679921383154817045, guid: dd77b0a2c21ea964885e25546aa3d6b8, type: 3}
      propertyPath: m_LocalEulerAnglesHint.x
      value: 0
      objectReference: {fileID: 0}
    - target: {fileID: -8679921383154817045, guid: dd77b0a2c21ea964885e25546aa3d6b8, type: 3}
      propertyPath: m_LocalEulerAnglesHint.y
      value: 0
      objectReference: {fileID: 0}
    - target: {fileID: -8679921383154817045, guid: dd77b0a2c21ea964885e25546aa3d6b8, type: 3}
      propertyPath: m_LocalEulerAnglesHint.z
      value: 0
      objectReference: {fileID: 0}
    - target: {fileID: -8679921383154817045, guid: dd77b0a2c21ea964885e25546aa3d6b8, type: 3}
      propertyPath: m_LocalScale.x
      value: 1
      objectReference: {fileID: 0}
    - target: {fileID: -8679921383154817045, guid: dd77b0a2c21ea964885e25546aa3d6b8, type: 3}
      propertyPath: m_LocalScale.y
      value: 1
      objectReference: {fileID: 0}
    - target: {fileID: -8679921383154817045, guid: dd77b0a2c21ea964885e25546aa3d6b8, type: 3}
      propertyPath: m_LocalScale.z
      value: 1
      objectReference: {fileID: 0}
    - target: {fileID: 919132149155446097, guid: dd77b0a2c21ea964885e25546aa3d6b8, type: 3}
      propertyPath: m_Name
      value: GreifarmGreifer
      objectReference: {fileID: 0}
    m_RemovedComponents: []
  m_SourcePrefab: {fileID: 100100000, guid: dd77b0a2c21ea964885e25546aa3d6b8, type: 3}
--- !u!4 &1443478016658930583 stripped
Transform:
  m_CorrespondingSourceObject: {fileID: -8679921383154817045, guid: dd77b0a2c21ea964885e25546aa3d6b8, type: 3}
  m_PrefabInstance: {fileID: 1405961902776327292}
  m_PrefabAsset: {fileID: 0}
--- !u!1001 &1405961903070244023
PrefabInstance:
  m_ObjectHideFlags: 0
  serializedVersion: 2
  m_Modification:
    m_TransformParent: {fileID: 1405961902087269975}
    m_Modifications:
    - target: {fileID: 382200968474587017, guid: 0da170b00a53d1e4ea682cf20e750c0c, type: 3}
      propertyPath: m_Name
      value: PlatformMoving
      objectReference: {fileID: 0}
    - target: {fileID: 2118081183736791532, guid: 0da170b00a53d1e4ea682cf20e750c0c, type: 3}
      propertyPath: movementPattern
      value: 0
      objectReference: {fileID: 0}
    - target: {fileID: 2118081183736791532, guid: 0da170b00a53d1e4ea682cf20e750c0c, type: 3}
      propertyPath: localMoveTargetPosition.x
      value: 7.75
      objectReference: {fileID: 0}
    - target: {fileID: 2118081183736791532, guid: 0da170b00a53d1e4ea682cf20e750c0c, type: 3}
      propertyPath: travelTime
      value: 4
      objectReference: {fileID: 0}
    - target: {fileID: 2183417961402003260, guid: 0da170b00a53d1e4ea682cf20e750c0c, type: 3}
      propertyPath: m_LocalPosition.x
      value: 0
      objectReference: {fileID: 0}
    - target: {fileID: 2183417961402003260, guid: 0da170b00a53d1e4ea682cf20e750c0c, type: 3}
      propertyPath: m_LocalPosition.y
      value: 0.15930003
      objectReference: {fileID: 0}
    - target: {fileID: 2183417961402003260, guid: 0da170b00a53d1e4ea682cf20e750c0c, type: 3}
      propertyPath: m_LocalPosition.z
      value: 0
      objectReference: {fileID: 0}
    - target: {fileID: 2183417961402003260, guid: 0da170b00a53d1e4ea682cf20e750c0c, type: 3}
      propertyPath: m_LocalRotation.x
      value: -0
      objectReference: {fileID: 0}
    - target: {fileID: 2183417961402003260, guid: 0da170b00a53d1e4ea682cf20e750c0c, type: 3}
      propertyPath: m_LocalRotation.y
      value: -0
      objectReference: {fileID: 0}
    - target: {fileID: 2183417961402003260, guid: 0da170b00a53d1e4ea682cf20e750c0c, type: 3}
      propertyPath: m_LocalRotation.z
      value: -0
      objectReference: {fileID: 0}
    - target: {fileID: 2183417961402003260, guid: 0da170b00a53d1e4ea682cf20e750c0c, type: 3}
      propertyPath: m_LocalRotation.w
      value: 1
      objectReference: {fileID: 0}
    - target: {fileID: 2183417961402003260, guid: 0da170b00a53d1e4ea682cf20e750c0c, type: 3}
      propertyPath: m_RootOrder
      value: 2
      objectReference: {fileID: 0}
    - target: {fileID: 2183417961402003260, guid: 0da170b00a53d1e4ea682cf20e750c0c, type: 3}
      propertyPath: m_LocalEulerAnglesHint.x
      value: 0
      objectReference: {fileID: 0}
    - target: {fileID: 2183417961402003260, guid: 0da170b00a53d1e4ea682cf20e750c0c, type: 3}
      propertyPath: m_LocalEulerAnglesHint.y
      value: 0
      objectReference: {fileID: 0}
    - target: {fileID: 2183417961402003260, guid: 0da170b00a53d1e4ea682cf20e750c0c, type: 3}
      propertyPath: m_LocalEulerAnglesHint.z
      value: 0
      objectReference: {fileID: 0}
    - target: {fileID: 2183417961402003260, guid: 0da170b00a53d1e4ea682cf20e750c0c, type: 3}
      propertyPath: m_LocalScale.x
      value: 0.028327703
      objectReference: {fileID: 0}
    - target: {fileID: 2183417961402003260, guid: 0da170b00a53d1e4ea682cf20e750c0c, type: 3}
      propertyPath: m_LocalScale.y
      value: 0.025541482
      objectReference: {fileID: 0}
    - target: {fileID: 2183417961402003260, guid: 0da170b00a53d1e4ea682cf20e750c0c, type: 3}
      propertyPath: m_LocalScale.z
      value: 0.025541482
      objectReference: {fileID: 0}
    - target: {fileID: 8800286062009538843, guid: 0da170b00a53d1e4ea682cf20e750c0c, type: 3}
      propertyPath: m_Name
      value: TargetSegment1
      objectReference: {fileID: 0}
    m_RemovedComponents:
    - {fileID: 5074233065598632921, guid: 0da170b00a53d1e4ea682cf20e750c0c, type: 3}
  m_SourcePrefab: {fileID: 100100000, guid: 0da170b00a53d1e4ea682cf20e750c0c, type: 3}
--- !u!4 &995284486187451275 stripped
Transform:
  m_CorrespondingSourceObject: {fileID: 2183417961402003260, guid: 0da170b00a53d1e4ea682cf20e750c0c, type: 3}
  m_PrefabInstance: {fileID: 1405961903070244023}
  m_PrefabAsset: {fileID: 0}
--- !u!4 &8260386470757643545 stripped
Transform:
  m_CorrespondingSourceObject: {fileID: 6998650291311106478, guid: 0da170b00a53d1e4ea682cf20e750c0c, type: 3}
  m_PrefabInstance: {fileID: 1405961903070244023}
  m_PrefabAsset: {fileID: 0}
--- !u!1001 &1405961903470635826
PrefabInstance:
  m_ObjectHideFlags: 0
  serializedVersion: 2
  m_Modification:
    m_TransformParent: {fileID: 1405961903234923479}
    m_Modifications:
    - target: {fileID: -8679921383154817045, guid: e95e4bf1e06bd4b40b39a8727663f663, type: 3}
      propertyPath: m_LocalPosition.x
      value: 0
      objectReference: {fileID: 0}
    - target: {fileID: -8679921383154817045, guid: e95e4bf1e06bd4b40b39a8727663f663, type: 3}
      propertyPath: m_LocalPosition.y
      value: 0
      objectReference: {fileID: 0}
    - target: {fileID: -8679921383154817045, guid: e95e4bf1e06bd4b40b39a8727663f663, type: 3}
      propertyPath: m_LocalPosition.z
      value: 0
      objectReference: {fileID: 0}
    - target: {fileID: -8679921383154817045, guid: e95e4bf1e06bd4b40b39a8727663f663, type: 3}
      propertyPath: m_LocalRotation.x
      value: -0
      objectReference: {fileID: 0}
    - target: {fileID: -8679921383154817045, guid: e95e4bf1e06bd4b40b39a8727663f663, type: 3}
      propertyPath: m_LocalRotation.y
      value: -0
      objectReference: {fileID: 0}
    - target: {fileID: -8679921383154817045, guid: e95e4bf1e06bd4b40b39a8727663f663, type: 3}
      propertyPath: m_LocalRotation.z
      value: -0
      objectReference: {fileID: 0}
    - target: {fileID: -8679921383154817045, guid: e95e4bf1e06bd4b40b39a8727663f663, type: 3}
      propertyPath: m_LocalRotation.w
      value: 1
      objectReference: {fileID: 0}
    - target: {fileID: -8679921383154817045, guid: e95e4bf1e06bd4b40b39a8727663f663, type: 3}
      propertyPath: m_RootOrder
      value: 0
      objectReference: {fileID: 0}
    - target: {fileID: -8679921383154817045, guid: e95e4bf1e06bd4b40b39a8727663f663, type: 3}
      propertyPath: m_LocalEulerAnglesHint.x
      value: 0
      objectReference: {fileID: 0}
    - target: {fileID: -8679921383154817045, guid: e95e4bf1e06bd4b40b39a8727663f663, type: 3}
      propertyPath: m_LocalEulerAnglesHint.y
      value: 0
      objectReference: {fileID: 0}
    - target: {fileID: -8679921383154817045, guid: e95e4bf1e06bd4b40b39a8727663f663, type: 3}
      propertyPath: m_LocalEulerAnglesHint.z
      value: 0
      objectReference: {fileID: 0}
    - target: {fileID: -8679921383154817045, guid: e95e4bf1e06bd4b40b39a8727663f663, type: 3}
      propertyPath: m_LocalScale.x
      value: 1.1090863
      objectReference: {fileID: 0}
    - target: {fileID: -8679921383154817045, guid: e95e4bf1e06bd4b40b39a8727663f663, type: 3}
      propertyPath: m_LocalScale.y
      value: 1
      objectReference: {fileID: 0}
    - target: {fileID: -8679921383154817045, guid: e95e4bf1e06bd4b40b39a8727663f663, type: 3}
      propertyPath: m_LocalScale.z
      value: 1
      objectReference: {fileID: 0}
    - target: {fileID: 919132149155446097, guid: e95e4bf1e06bd4b40b39a8727663f663, type: 3}
      propertyPath: m_Name
      value: GreifarmFu1
      objectReference: {fileID: 0}
    m_RemovedComponents: []
  m_SourcePrefab: {fileID: 100100000, guid: e95e4bf1e06bd4b40b39a8727663f663, type: 3}
--- !u!4 &1443478015964351705 stripped
Transform:
  m_CorrespondingSourceObject: {fileID: -8679921383154817045, guid: e95e4bf1e06bd4b40b39a8727663f663, type: 3}
  m_PrefabInstance: {fileID: 1405961903470635826}
  m_PrefabAsset: {fileID: 0}
