%YAML 1.1
%TAG !u! tag:unity3d.com,2011:
--- !u!1 &147052506935904329
GameObject:
  m_ObjectHideFlags: 0
  m_CorrespondingSourceObject: {fileID: 0}
  m_PrefabInstance: {fileID: 0}
  m_PrefabAsset: {fileID: 0}
  serializedVersion: 6
  m_Component:
  - component: {fileID: 46166265606253205}
  - component: {fileID: 518466501039884966}
  - component: {fileID: 465980008682072448}
  - component: {fileID: 5899884332383698986}
  - component: {fileID: 3037573729647508571}
  m_Layer: 0
  m_Name: Cube (3)
  m_TagString: Untagged
  m_Icon: {fileID: 0}
  m_NavMeshLayer: 0
  m_StaticEditorFlags: 0
  m_IsActive: 1
--- !u!4 &46166265606253205
Transform:
  m_ObjectHideFlags: 0
  m_CorrespondingSourceObject: {fileID: 0}
  m_PrefabInstance: {fileID: 0}
  m_PrefabAsset: {fileID: 0}
  m_GameObject: {fileID: 147052506935904329}
  m_LocalRotation: {x: -0, y: -0, z: -0, w: 1}
  m_LocalPosition: {x: 0, y: 29, z: 0}
  m_LocalScale: {x: 1, y: 1, z: 1}
  m_Children: []
  m_Father: {fileID: 3727200173203823375}
  m_RootOrder: 2
  m_LocalEulerAnglesHint: {x: 0, y: 0, z: 0}
--- !u!114 &518466501039884966
MonoBehaviour:
  m_ObjectHideFlags: 0
  m_CorrespondingSourceObject: {fileID: 0}
  m_PrefabInstance: {fileID: 0}
  m_PrefabAsset: {fileID: 0}
  m_GameObject: {fileID: 147052506935904329}
  m_Enabled: 1
  m_EditorHideFlags: 0
  m_Script: {fileID: 11500000, guid: 8233d90336aea43098adf6dbabd606a2, type: 3}
  m_Name: 
  m_EditorClassIdentifier: 
  m_MeshFormatVersion: 1
  m_Faces:
  - m_Indexes: 000000000100000002000000010000000300000002000000
    m_SmoothingGroup: 0
    m_Uv:
      m_UseWorldSpace: 0
      m_FlipU: 0
      m_FlipV: 0
      m_SwapUV: 0
      m_Fill: 1
      m_Scale: {x: 1, y: 1}
      m_Offset: {x: 0, y: 0}
      m_Rotation: 0
      m_Anchor: 9
    m_Material: {fileID: 0}
    m_SubmeshIndex: 0
    m_ManualUV: 0
    elementGroup: -1
    m_TextureGroup: -1
  - m_Indexes: 040000000500000006000000050000000700000006000000
    m_SmoothingGroup: 0
    m_Uv:
      m_UseWorldSpace: 0
      m_FlipU: 0
      m_FlipV: 0
      m_SwapUV: 0
      m_Fill: 1
      m_Scale: {x: 1, y: 1}
      m_Offset: {x: 0, y: 0}
      m_Rotation: 0
      m_Anchor: 9
    m_Material: {fileID: 0}
    m_SubmeshIndex: 0
    m_ManualUV: 0
    elementGroup: -1
    m_TextureGroup: -1
  - m_Indexes: 08000000090000000a000000090000000b0000000a000000
    m_SmoothingGroup: 0
    m_Uv:
      m_UseWorldSpace: 0
      m_FlipU: 0
      m_FlipV: 0
      m_SwapUV: 0
      m_Fill: 1
      m_Scale: {x: 1, y: 1}
      m_Offset: {x: 0, y: 0}
      m_Rotation: 0
      m_Anchor: 9
    m_Material: {fileID: 0}
    m_SubmeshIndex: 0
    m_ManualUV: 0
    elementGroup: -1
    m_TextureGroup: -1
  - m_Indexes: 0c0000000d0000000e0000000d0000000f0000000e000000
    m_SmoothingGroup: 0
    m_Uv:
      m_UseWorldSpace: 0
      m_FlipU: 0
      m_FlipV: 0
      m_SwapUV: 0
      m_Fill: 1
      m_Scale: {x: 1, y: 1}
      m_Offset: {x: 0, y: 0}
      m_Rotation: 0
      m_Anchor: 9
    m_Material: {fileID: 0}
    m_SubmeshIndex: 0
    m_ManualUV: 0
    elementGroup: -1
    m_TextureGroup: -1
  - m_Indexes: 100000001100000012000000110000001300000012000000
    m_SmoothingGroup: 0
    m_Uv:
      m_UseWorldSpace: 0
      m_FlipU: 0
      m_FlipV: 0
      m_SwapUV: 0
      m_Fill: 1
      m_Scale: {x: 1, y: 1}
      m_Offset: {x: 0, y: 0}
      m_Rotation: 0
      m_Anchor: 9
    m_Material: {fileID: 0}
    m_SubmeshIndex: 0
    m_ManualUV: 0
    elementGroup: -1
    m_TextureGroup: -1
  - m_Indexes: 140000001500000016000000150000001700000016000000
    m_SmoothingGroup: 0
    m_Uv:
      m_UseWorldSpace: 0
      m_FlipU: 0
      m_FlipV: 0
      m_SwapUV: 0
      m_Fill: 1
      m_Scale: {x: 1, y: 1}
      m_Offset: {x: 0, y: 0}
      m_Rotation: 0
      m_Anchor: 9
    m_Material: {fileID: 0}
    m_SubmeshIndex: 0
    m_ManualUV: 0
    elementGroup: -1
    m_TextureGroup: -1
  m_SharedVertices:
  - m_Vertices: 000000000d00000016000000
  - m_Vertices: 010000000400000017000000
  - m_Vertices: 020000000f00000010000000
  - m_Vertices: 030000000600000011000000
  - m_Vertices: 050000000800000015000000
  - m_Vertices: 070000000a00000013000000
  - m_Vertices: 090000000c00000014000000
  - m_Vertices: 0b0000000e00000012000000
  m_SharedTextures: []
  m_Positions:
  - {x: 0, y: 0, z: 0}
  - {x: 12, y: 0, z: 0}
  - {x: 0, y: 1, z: 0}
  - {x: 12, y: 1, z: 0}
  - {x: 12, y: 0, z: 0}
  - {x: 12, y: 0, z: -9}
  - {x: 12, y: 1, z: 0}
  - {x: 12, y: 1, z: -9}
  - {x: 12, y: 0, z: -9}
  - {x: 0, y: 0, z: -9}
  - {x: 12, y: 1, z: -9}
  - {x: 0, y: 1, z: -9}
  - {x: 0, y: 0, z: -9}
  - {x: 0, y: 0, z: 0}
  - {x: 0, y: 1, z: -9}
  - {x: 0, y: 1, z: 0}
  - {x: 0, y: 1, z: 0}
  - {x: 12, y: 1, z: 0}
  - {x: 0, y: 1, z: -9}
  - {x: 12, y: 1, z: -9}
  - {x: 0, y: 0, z: -9}
  - {x: 12, y: 0, z: -9}
  - {x: 0, y: 0, z: 0}
  - {x: 12, y: 0, z: 0}
  m_Textures0:
  - {x: 0, y: 0}
  - {x: -12, y: 0}
  - {x: 0, y: 1}
  - {x: -12, y: 1}
  - {x: 0, y: 0}
  - {x: -9, y: 0}
  - {x: 0, y: 1}
  - {x: -9, y: 1}
  - {x: 12, y: 0}
  - {x: 0, y: 0}
  - {x: 12, y: 1}
  - {x: 0, y: 1}
  - {x: 9, y: 0}
  - {x: 0, y: 0}
  - {x: 9, y: 1}
  - {x: 0, y: 1}
  - {x: 0, y: 0}
  - {x: 12, y: 0}
  - {x: 0, y: -9}
  - {x: 12, y: -9}
  - {x: 0, y: -9}
  - {x: -12, y: -9}
  - {x: 0, y: 0}
  - {x: -12, y: 0}
  m_Textures2: []
  m_Textures3: []
  m_Tangents:
  - {x: -1, y: 0, z: 0, w: -1}
  - {x: -1, y: 0, z: 0, w: -1}
  - {x: -1, y: 0, z: 0, w: -1}
  - {x: -1, y: 0, z: 0, w: -1}
  - {x: 0, y: 0, z: 1, w: -1}
  - {x: 0, y: 0, z: 1, w: -1}
  - {x: 0, y: 0, z: 1, w: -1}
  - {x: 0, y: 0, z: 1, w: -1}
  - {x: 1, y: 0, z: 0, w: -1}
  - {x: 1, y: 0, z: 0, w: -1}
  - {x: 1, y: 0, z: 0, w: -1}
  - {x: 1, y: 0, z: 0, w: -1}
  - {x: 0, y: 0, z: -1, w: -1}
  - {x: 0, y: 0, z: -1, w: -1}
  - {x: 0, y: 0, z: -1, w: -1}
  - {x: 0, y: 0, z: -1, w: -1}
  - {x: 1, y: 0, z: 0, w: -1}
  - {x: 1, y: 0, z: 0, w: -1}
  - {x: 1, y: 0, z: 0, w: -1}
  - {x: 1, y: 0, z: 0, w: -1}
  - {x: -1, y: 0, z: 0, w: -1}
  - {x: -1, y: 0, z: 0, w: -1}
  - {x: -1, y: 0, z: 0, w: -1}
  - {x: -1, y: 0, z: 0, w: -1}
  m_Colors:
  - {r: 0.3773585, g: 0.19924991, b: 0.044499815, a: 1}
  - {r: 0.3773585, g: 0.19924991, b: 0.044499815, a: 1}
  - {r: 0.3773585, g: 0.19924991, b: 0.044499815, a: 1}
  - {r: 0.3773585, g: 0.19924991, b: 0.044499815, a: 1}
  - {r: 0.3773585, g: 0.19924991, b: 0.044499815, a: 1}
  - {r: 0.3773585, g: 0.19924991, b: 0.044499815, a: 1}
  - {r: 0.3773585, g: 0.19924991, b: 0.044499815, a: 1}
  - {r: 0.3773585, g: 0.19924991, b: 0.044499815, a: 1}
  - {r: 0.3773585, g: 0.19924991, b: 0.044499815, a: 1}
  - {r: 0.3773585, g: 0.19924991, b: 0.044499815, a: 1}
  - {r: 0.3773585, g: 0.19924991, b: 0.044499815, a: 1}
  - {r: 0.3773585, g: 0.19924991, b: 0.044499815, a: 1}
  - {r: 0.3773585, g: 0.19924991, b: 0.044499815, a: 1}
  - {r: 0.3773585, g: 0.19924991, b: 0.044499815, a: 1}
  - {r: 0.3773585, g: 0.19924991, b: 0.044499815, a: 1}
  - {r: 0.3773585, g: 0.19924991, b: 0.044499815, a: 1}
  - {r: 0.3773585, g: 0.19924991, b: 0.044499815, a: 1}
  - {r: 0.3773585, g: 0.19924991, b: 0.044499815, a: 1}
  - {r: 0.3773585, g: 0.19924991, b: 0.044499815, a: 1}
  - {r: 0.3773585, g: 0.19924991, b: 0.044499815, a: 1}
  - {r: 0.3773585, g: 0.19924991, b: 0.044499815, a: 1}
  - {r: 0.3773585, g: 0.19924991, b: 0.044499815, a: 1}
  - {r: 0.3773585, g: 0.19924991, b: 0.044499815, a: 1}
  - {r: 0.3773585, g: 0.19924991, b: 0.044499815, a: 1}
  m_UnwrapParameters:
    m_HardAngle: 88
    m_PackMargin: 20
    m_AngleError: 8
    m_AreaError: 15
  m_PreserveMeshAssetOnDestroy: 0
  assetGuid: 
  m_Mesh: {fileID: 0}
  m_IsSelectable: 1
  m_SelectedFaces: 
  m_SelectedEdges: []
  m_SelectedVertices: 
--- !u!23 &465980008682072448
MeshRenderer:
  m_ObjectHideFlags: 0
  m_CorrespondingSourceObject: {fileID: 0}
  m_PrefabInstance: {fileID: 0}
  m_PrefabAsset: {fileID: 0}
  m_GameObject: {fileID: 147052506935904329}
  m_Enabled: 1
  m_CastShadows: 1
  m_ReceiveShadows: 1
  m_DynamicOccludee: 1
  m_MotionVectors: 1
  m_LightProbeUsage: 1
  m_ReflectionProbeUsage: 1
  m_RayTracingMode: 2
  m_RayTraceProcedural: 0
  m_RenderingLayerMask: 1
  m_RendererPriority: 0
  m_Materials:
  - {fileID: 2100000, guid: c22777d6e868e4f2fb421913386b154e, type: 2}
  m_StaticBatchInfo:
    firstSubMesh: 0
    subMeshCount: 0
  m_StaticBatchRoot: {fileID: 0}
  m_ProbeAnchor: {fileID: 0}
  m_LightProbeVolumeOverride: {fileID: 0}
  m_ScaleInLightmap: 1
  m_ReceiveGI: 1
  m_PreserveUVs: 0
  m_IgnoreNormalsForChartDetection: 0
  m_ImportantGI: 0
  m_StitchLightmapSeams: 1
  m_SelectedEditorRenderState: 2
  m_MinimumChartSize: 4
  m_AutoUVMaxDistance: 0.5
  m_AutoUVMaxAngle: 89
  m_LightmapParameters: {fileID: 0}
  m_SortingLayerID: 0
  m_SortingLayer: 0
  m_SortingOrder: 0
  m_AdditionalVertexStreams: {fileID: 0}
--- !u!33 &5899884332383698986
MeshFilter:
  m_ObjectHideFlags: 0
  m_CorrespondingSourceObject: {fileID: 0}
  m_PrefabInstance: {fileID: 0}
  m_PrefabAsset: {fileID: 0}
  m_GameObject: {fileID: 147052506935904329}
  m_Mesh: {fileID: 0}
--- !u!64 &3037573729647508571
MeshCollider:
  m_ObjectHideFlags: 0
  m_CorrespondingSourceObject: {fileID: 0}
  m_PrefabInstance: {fileID: 0}
  m_PrefabAsset: {fileID: 0}
  m_GameObject: {fileID: 147052506935904329}
  m_Material: {fileID: 0}
  m_IsTrigger: 0
  m_Enabled: 1
  serializedVersion: 4
  m_Convex: 0
  m_CookingOptions: 30
  m_Mesh: {fileID: 0}
--- !u!1 &243110252074568446
GameObject:
  m_ObjectHideFlags: 0
  m_CorrespondingSourceObject: {fileID: 0}
  m_PrefabInstance: {fileID: 0}
  m_PrefabAsset: {fileID: 0}
  serializedVersion: 6
  m_Component:
  - component: {fileID: 3137452363787535385}
  - component: {fileID: 3854688061827844341}
  - component: {fileID: 9043298481012205419}
  - component: {fileID: 6296634323186548279}
  - component: {fileID: 3309939341197986338}
  m_Layer: 0
  m_Name: Cube (2)
  m_TagString: Untagged
  m_Icon: {fileID: 0}
  m_NavMeshLayer: 0
  m_StaticEditorFlags: 0
  m_IsActive: 1
--- !u!4 &3137452363787535385
Transform:
  m_ObjectHideFlags: 0
  m_CorrespondingSourceObject: {fileID: 0}
  m_PrefabInstance: {fileID: 0}
  m_PrefabAsset: {fileID: 0}
  m_GameObject: {fileID: 243110252074568446}
  m_LocalRotation: {x: -0, y: -0, z: -0, w: 1}
  m_LocalPosition: {x: 18, y: 29, z: 0}
  m_LocalScale: {x: 1, y: 1, z: 1}
  m_Children: []
  m_Father: {fileID: 3727200173203823375}
  m_RootOrder: 1
  m_LocalEulerAnglesHint: {x: 0, y: 0, z: 0}
--- !u!114 &3854688061827844341
MonoBehaviour:
  m_ObjectHideFlags: 0
  m_CorrespondingSourceObject: {fileID: 0}
  m_PrefabInstance: {fileID: 0}
  m_PrefabAsset: {fileID: 0}
  m_GameObject: {fileID: 243110252074568446}
  m_Enabled: 1
  m_EditorHideFlags: 0
  m_Script: {fileID: 11500000, guid: 8233d90336aea43098adf6dbabd606a2, type: 3}
  m_Name: 
  m_EditorClassIdentifier: 
  m_MeshFormatVersion: 1
  m_Faces:
  - m_Indexes: 000000000100000002000000010000000300000002000000
    m_SmoothingGroup: 0
    m_Uv:
      m_UseWorldSpace: 0
      m_FlipU: 0
      m_FlipV: 0
      m_SwapUV: 0
      m_Fill: 1
      m_Scale: {x: 1, y: 1}
      m_Offset: {x: 0, y: 0}
      m_Rotation: 0
      m_Anchor: 9
    m_Material: {fileID: 0}
    m_SubmeshIndex: 0
    m_ManualUV: 0
    elementGroup: -1
    m_TextureGroup: -1
  - m_Indexes: 040000000500000006000000050000000700000006000000
    m_SmoothingGroup: 0
    m_Uv:
      m_UseWorldSpace: 0
      m_FlipU: 0
      m_FlipV: 0
      m_SwapUV: 0
      m_Fill: 1
      m_Scale: {x: 1, y: 1}
      m_Offset: {x: 0, y: 0}
      m_Rotation: 0
      m_Anchor: 9
    m_Material: {fileID: 0}
    m_SubmeshIndex: 0
    m_ManualUV: 0
    elementGroup: -1
    m_TextureGroup: -1
  - m_Indexes: 08000000090000000a000000090000000b0000000a000000
    m_SmoothingGroup: 0
    m_Uv:
      m_UseWorldSpace: 0
      m_FlipU: 0
      m_FlipV: 0
      m_SwapUV: 0
      m_Fill: 1
      m_Scale: {x: 1, y: 1}
      m_Offset: {x: 0, y: 0}
      m_Rotation: 0
      m_Anchor: 9
    m_Material: {fileID: 0}
    m_SubmeshIndex: 0
    m_ManualUV: 0
    elementGroup: -1
    m_TextureGroup: -1
  - m_Indexes: 0c0000000d0000000e0000000d0000000f0000000e000000
    m_SmoothingGroup: 0
    m_Uv:
      m_UseWorldSpace: 0
      m_FlipU: 0
      m_FlipV: 0
      m_SwapUV: 0
      m_Fill: 1
      m_Scale: {x: 1, y: 1}
      m_Offset: {x: 0, y: 0}
      m_Rotation: 0
      m_Anchor: 9
    m_Material: {fileID: 0}
    m_SubmeshIndex: 0
    m_ManualUV: 0
    elementGroup: -1
    m_TextureGroup: -1
  - m_Indexes: 100000001100000012000000110000001300000012000000
    m_SmoothingGroup: 0
    m_Uv:
      m_UseWorldSpace: 0
      m_FlipU: 0
      m_FlipV: 0
      m_SwapUV: 0
      m_Fill: 1
      m_Scale: {x: 1, y: 1}
      m_Offset: {x: 0, y: 0}
      m_Rotation: 0
      m_Anchor: 9
    m_Material: {fileID: 0}
    m_SubmeshIndex: 0
    m_ManualUV: 0
    elementGroup: -1
    m_TextureGroup: -1
  - m_Indexes: 140000001500000016000000150000001700000016000000
    m_SmoothingGroup: 0
    m_Uv:
      m_UseWorldSpace: 0
      m_FlipU: 0
      m_FlipV: 0
      m_SwapUV: 0
      m_Fill: 1
      m_Scale: {x: 1, y: 1}
      m_Offset: {x: 0, y: 0}
      m_Rotation: 0
      m_Anchor: 9
    m_Material: {fileID: 0}
    m_SubmeshIndex: 0
    m_ManualUV: 0
    elementGroup: -1
    m_TextureGroup: -1
  m_SharedVertices:
  - m_Vertices: 000000000d00000016000000
  - m_Vertices: 010000000400000017000000
  - m_Vertices: 020000000f00000010000000
  - m_Vertices: 030000000600000011000000
  - m_Vertices: 050000000800000015000000
  - m_Vertices: 070000000a00000013000000
  - m_Vertices: 090000000c00000014000000
  - m_Vertices: 0b0000000e00000012000000
  m_SharedTextures: []
  m_Positions:
  - {x: 0, y: 0, z: 0}
  - {x: 12, y: 0, z: 0}
  - {x: 0, y: 1, z: 0}
  - {x: 12, y: 1, z: 0}
  - {x: 12, y: 0, z: 0}
  - {x: 12, y: 0, z: -9}
  - {x: 12, y: 1, z: 0}
  - {x: 12, y: 1, z: -9}
  - {x: 12, y: 0, z: -9}
  - {x: 0, y: 0, z: -9}
  - {x: 12, y: 1, z: -9}
  - {x: 0, y: 1, z: -9}
  - {x: 0, y: 0, z: -9}
  - {x: 0, y: 0, z: 0}
  - {x: 0, y: 1, z: -9}
  - {x: 0, y: 1, z: 0}
  - {x: 0, y: 1, z: 0}
  - {x: 12, y: 1, z: 0}
  - {x: 0, y: 1, z: -9}
  - {x: 12, y: 1, z: -9}
  - {x: 0, y: 0, z: -9}
  - {x: 12, y: 0, z: -9}
  - {x: 0, y: 0, z: 0}
  - {x: 12, y: 0, z: 0}
  m_Textures0:
  - {x: 0, y: 0}
  - {x: -12, y: 0}
  - {x: 0, y: 1}
  - {x: -12, y: 1}
  - {x: 0, y: 0}
  - {x: -9, y: 0}
  - {x: 0, y: 1}
  - {x: -9, y: 1}
  - {x: 12, y: 0}
  - {x: 0, y: 0}
  - {x: 12, y: 1}
  - {x: 0, y: 1}
  - {x: 9, y: 0}
  - {x: 0, y: 0}
  - {x: 9, y: 1}
  - {x: 0, y: 1}
  - {x: 0, y: 0}
  - {x: 12, y: 0}
  - {x: 0, y: -9}
  - {x: 12, y: -9}
  - {x: 0, y: -9}
  - {x: -12, y: -9}
  - {x: 0, y: 0}
  - {x: -12, y: 0}
  m_Textures2: []
  m_Textures3: []
  m_Tangents:
  - {x: -1, y: 0, z: 0, w: -1}
  - {x: -1, y: 0, z: 0, w: -1}
  - {x: -1, y: 0, z: 0, w: -1}
  - {x: -1, y: 0, z: 0, w: -1}
  - {x: 0, y: 0, z: 1, w: -1}
  - {x: 0, y: 0, z: 1, w: -1}
  - {x: 0, y: 0, z: 1, w: -1}
  - {x: 0, y: 0, z: 1, w: -1}
  - {x: 1, y: 0, z: 0, w: -1}
  - {x: 1, y: 0, z: 0, w: -1}
  - {x: 1, y: 0, z: 0, w: -1}
  - {x: 1, y: 0, z: 0, w: -1}
  - {x: 0, y: 0, z: -1, w: -1}
  - {x: 0, y: 0, z: -1, w: -1}
  - {x: 0, y: 0, z: -1, w: -1}
  - {x: 0, y: 0, z: -1, w: -1}
  - {x: 1, y: 0, z: 0, w: -1}
  - {x: 1, y: 0, z: 0, w: -1}
  - {x: 1, y: 0, z: 0, w: -1}
  - {x: 1, y: 0, z: 0, w: -1}
  - {x: -1, y: 0, z: 0, w: -1}
  - {x: -1, y: 0, z: 0, w: -1}
  - {x: -1, y: 0, z: 0, w: -1}
  - {x: -1, y: 0, z: 0, w: -1}
  m_Colors:
  - {r: 0.3773585, g: 0.19924991, b: 0.044499815, a: 1}
  - {r: 0.3773585, g: 0.19924991, b: 0.044499815, a: 1}
  - {r: 0.3773585, g: 0.19924991, b: 0.044499815, a: 1}
  - {r: 0.3773585, g: 0.19924991, b: 0.044499815, a: 1}
  - {r: 0.3773585, g: 0.19924991, b: 0.044499815, a: 1}
  - {r: 0.3773585, g: 0.19924991, b: 0.044499815, a: 1}
  - {r: 0.3773585, g: 0.19924991, b: 0.044499815, a: 1}
  - {r: 0.3773585, g: 0.19924991, b: 0.044499815, a: 1}
  - {r: 0.3773585, g: 0.19924991, b: 0.044499815, a: 1}
  - {r: 0.3773585, g: 0.19924991, b: 0.044499815, a: 1}
  - {r: 0.3773585, g: 0.19924991, b: 0.044499815, a: 1}
  - {r: 0.3773585, g: 0.19924991, b: 0.044499815, a: 1}
  - {r: 0.3773585, g: 0.19924991, b: 0.044499815, a: 1}
  - {r: 0.3773585, g: 0.19924991, b: 0.044499815, a: 1}
  - {r: 0.3773585, g: 0.19924991, b: 0.044499815, a: 1}
  - {r: 0.3773585, g: 0.19924991, b: 0.044499815, a: 1}
  - {r: 0.3773585, g: 0.19924991, b: 0.044499815, a: 1}
  - {r: 0.3773585, g: 0.19924991, b: 0.044499815, a: 1}
  - {r: 0.3773585, g: 0.19924991, b: 0.044499815, a: 1}
  - {r: 0.3773585, g: 0.19924991, b: 0.044499815, a: 1}
  - {r: 0.3773585, g: 0.19924991, b: 0.044499815, a: 1}
  - {r: 0.3773585, g: 0.19924991, b: 0.044499815, a: 1}
  - {r: 0.3773585, g: 0.19924991, b: 0.044499815, a: 1}
  - {r: 0.3773585, g: 0.19924991, b: 0.044499815, a: 1}
  m_UnwrapParameters:
    m_HardAngle: 88
    m_PackMargin: 20
    m_AngleError: 8
    m_AreaError: 15
  m_PreserveMeshAssetOnDestroy: 0
  assetGuid: 
  m_Mesh: {fileID: 0}
  m_IsSelectable: 1
  m_SelectedFaces: 
  m_SelectedEdges: []
  m_SelectedVertices: 
--- !u!23 &9043298481012205419
MeshRenderer:
  m_ObjectHideFlags: 0
  m_CorrespondingSourceObject: {fileID: 0}
  m_PrefabInstance: {fileID: 0}
  m_PrefabAsset: {fileID: 0}
  m_GameObject: {fileID: 243110252074568446}
  m_Enabled: 1
  m_CastShadows: 1
  m_ReceiveShadows: 1
  m_DynamicOccludee: 1
  m_MotionVectors: 1
  m_LightProbeUsage: 1
  m_ReflectionProbeUsage: 1
  m_RayTracingMode: 2
  m_RayTraceProcedural: 0
  m_RenderingLayerMask: 1
  m_RendererPriority: 0
  m_Materials:
  - {fileID: 2100000, guid: c22777d6e868e4f2fb421913386b154e, type: 2}
  m_StaticBatchInfo:
    firstSubMesh: 0
    subMeshCount: 0
  m_StaticBatchRoot: {fileID: 0}
  m_ProbeAnchor: {fileID: 0}
  m_LightProbeVolumeOverride: {fileID: 0}
  m_ScaleInLightmap: 1
  m_ReceiveGI: 1
  m_PreserveUVs: 0
  m_IgnoreNormalsForChartDetection: 0
  m_ImportantGI: 0
  m_StitchLightmapSeams: 1
  m_SelectedEditorRenderState: 2
  m_MinimumChartSize: 4
  m_AutoUVMaxDistance: 0.5
  m_AutoUVMaxAngle: 89
  m_LightmapParameters: {fileID: 0}
  m_SortingLayerID: 0
  m_SortingLayer: 0
  m_SortingOrder: 0
  m_AdditionalVertexStreams: {fileID: 0}
--- !u!33 &6296634323186548279
MeshFilter:
  m_ObjectHideFlags: 0
  m_CorrespondingSourceObject: {fileID: 0}
  m_PrefabInstance: {fileID: 0}
  m_PrefabAsset: {fileID: 0}
  m_GameObject: {fileID: 243110252074568446}
  m_Mesh: {fileID: 0}
--- !u!64 &3309939341197986338
MeshCollider:
  m_ObjectHideFlags: 0
  m_CorrespondingSourceObject: {fileID: 0}
  m_PrefabInstance: {fileID: 0}
  m_PrefabAsset: {fileID: 0}
  m_GameObject: {fileID: 243110252074568446}
  m_Material: {fileID: 0}
  m_IsTrigger: 0
  m_Enabled: 1
  serializedVersion: 4
  m_Convex: 0
  m_CookingOptions: 30
  m_Mesh: {fileID: 0}
--- !u!1 &1434837062532452807
GameObject:
  m_ObjectHideFlags: 0
  m_CorrespondingSourceObject: {fileID: 0}
  m_PrefabInstance: {fileID: 0}
  m_PrefabAsset: {fileID: 0}
  serializedVersion: 6
  m_Component:
  - component: {fileID: 3400626420580278290}
  - component: {fileID: 850536124127121230}
  - component: {fileID: 2248535759821306584}
  - component: {fileID: 6517410295284980829}
  - component: {fileID: 4457954206553560930}
  m_Layer: 0
  m_Name: Cube (1)
  m_TagString: Untagged
  m_Icon: {fileID: 0}
  m_NavMeshLayer: 0
  m_StaticEditorFlags: 0
  m_IsActive: 1
--- !u!4 &3400626420580278290
Transform:
  m_ObjectHideFlags: 0
  m_CorrespondingSourceObject: {fileID: 0}
  m_PrefabInstance: {fileID: 0}
  m_PrefabAsset: {fileID: 0}
  m_GameObject: {fileID: 1434837062532452807}
  m_LocalRotation: {x: -0, y: -0, z: -0, w: 1}
  m_LocalPosition: {x: 0, y: 0, z: 0}
  m_LocalScale: {x: 1, y: 1, z: 1}
  m_Children: []
  m_Father: {fileID: 3727200173203823375}
  m_RootOrder: 0
  m_LocalEulerAnglesHint: {x: 0, y: 0, z: 0}
--- !u!114 &850536124127121230
MonoBehaviour:
  m_ObjectHideFlags: 0
  m_CorrespondingSourceObject: {fileID: 0}
  m_PrefabInstance: {fileID: 0}
  m_PrefabAsset: {fileID: 0}
  m_GameObject: {fileID: 1434837062532452807}
  m_Enabled: 1
  m_EditorHideFlags: 0
  m_Script: {fileID: 11500000, guid: 8233d90336aea43098adf6dbabd606a2, type: 3}
  m_Name: 
  m_EditorClassIdentifier: 
  m_MeshFormatVersion: 1
  m_Faces:
  - m_Indexes: 000000000100000002000000010000000300000002000000
    m_SmoothingGroup: 0
    m_Uv:
      m_UseWorldSpace: 0
      m_FlipU: 0
      m_FlipV: 0
      m_SwapUV: 0
      m_Fill: 1
      m_Scale: {x: 1, y: 1}
      m_Offset: {x: 0, y: 0}
      m_Rotation: 0
      m_Anchor: 9
    m_Material: {fileID: 0}
    m_SubmeshIndex: 0
    m_ManualUV: 0
    elementGroup: -1
    m_TextureGroup: -1
  - m_Indexes: 040000000500000006000000050000000700000006000000
    m_SmoothingGroup: 0
    m_Uv:
      m_UseWorldSpace: 0
      m_FlipU: 0
      m_FlipV: 0
      m_SwapUV: 0
      m_Fill: 1
      m_Scale: {x: 1, y: 1}
      m_Offset: {x: 0, y: 0}
      m_Rotation: 0
      m_Anchor: 9
    m_Material: {fileID: 0}
    m_SubmeshIndex: 0
    m_ManualUV: 0
    elementGroup: -1
    m_TextureGroup: -1
  - m_Indexes: 08000000090000000a000000090000000b0000000a000000
    m_SmoothingGroup: 0
    m_Uv:
      m_UseWorldSpace: 0
      m_FlipU: 0
      m_FlipV: 0
      m_SwapUV: 0
      m_Fill: 1
      m_Scale: {x: 1, y: 1}
      m_Offset: {x: 0, y: 0}
      m_Rotation: 0
      m_Anchor: 9
    m_Material: {fileID: 0}
    m_SubmeshIndex: 0
    m_ManualUV: 0
    elementGroup: -1
    m_TextureGroup: -1
  - m_Indexes: 0c0000000d0000000e0000000d0000000f0000000e000000
    m_SmoothingGroup: 0
    m_Uv:
      m_UseWorldSpace: 0
      m_FlipU: 0
      m_FlipV: 0
      m_SwapUV: 0
      m_Fill: 1
      m_Scale: {x: 1, y: 1}
      m_Offset: {x: 0, y: 0}
      m_Rotation: 0
      m_Anchor: 9
    m_Material: {fileID: 0}
    m_SubmeshIndex: 0
    m_ManualUV: 0
    elementGroup: -1
    m_TextureGroup: -1
  - m_Indexes: 100000001100000012000000110000001300000012000000
    m_SmoothingGroup: 0
    m_Uv:
      m_UseWorldSpace: 0
      m_FlipU: 0
      m_FlipV: 0
      m_SwapUV: 0
      m_Fill: 1
      m_Scale: {x: 1, y: 1}
      m_Offset: {x: 0, y: 0}
      m_Rotation: 0
      m_Anchor: 9
    m_Material: {fileID: 0}
    m_SubmeshIndex: 0
    m_ManualUV: 0
    elementGroup: -1
    m_TextureGroup: -1
  - m_Indexes: 140000001500000016000000150000001700000016000000
    m_SmoothingGroup: 0
    m_Uv:
      m_UseWorldSpace: 0
      m_FlipU: 0
      m_FlipV: 0
      m_SwapUV: 0
      m_Fill: 1
      m_Scale: {x: 1, y: 1}
      m_Offset: {x: 0, y: 0}
      m_Rotation: 0
      m_Anchor: 9
    m_Material: {fileID: 0}
    m_SubmeshIndex: 0
    m_ManualUV: 0
    elementGroup: -1
    m_TextureGroup: -1
  m_SharedVertices:
  - m_Vertices: 000000000d00000016000000
  - m_Vertices: 010000000400000017000000
  - m_Vertices: 020000000f00000010000000
  - m_Vertices: 030000000600000011000000
  - m_Vertices: 050000000800000015000000
  - m_Vertices: 070000000a00000013000000
  - m_Vertices: 090000000c00000014000000
  - m_Vertices: 0b0000000e00000012000000
  m_SharedTextures: []
  m_Positions:
  - {x: 0, y: 0, z: 0}
  - {x: 30, y: 0, z: 0}
  - {x: 0, y: 1, z: 0}
  - {x: 30, y: 1, z: 0}
  - {x: 30, y: 0, z: 0}
  - {x: 30, y: 0, z: -9}
  - {x: 30, y: 1, z: 0}
  - {x: 30, y: 1, z: -9}
  - {x: 30, y: 0, z: -9}
  - {x: 0, y: 0, z: -9}
  - {x: 30, y: 1, z: -9}
  - {x: 0, y: 1, z: -9}
  - {x: 0, y: 0, z: -9}
  - {x: 0, y: 0, z: 0}
  - {x: 0, y: 1, z: -9}
  - {x: 0, y: 1, z: 0}
  - {x: 0, y: 1, z: 0}
  - {x: 30, y: 1, z: 0}
  - {x: 0, y: 1, z: -9}
  - {x: 30, y: 1, z: -9}
  - {x: 0, y: 0, z: -9}
  - {x: 30, y: 0, z: -9}
  - {x: 0, y: 0, z: 0}
  - {x: 30, y: 0, z: 0}
  m_Textures0:
  - {x: 0, y: 0}
  - {x: -30, y: 0}
  - {x: 0, y: 1}
  - {x: -30, y: 1}
  - {x: 0, y: 0}
  - {x: -9, y: 0}
  - {x: 0, y: 1}
  - {x: -9, y: 1}
  - {x: 30, y: 0}
  - {x: 0, y: 0}
  - {x: 30, y: 1}
  - {x: 0, y: 1}
  - {x: 9, y: 0}
  - {x: 0, y: 0}
  - {x: 9, y: 1}
  - {x: 0, y: 1}
  - {x: 0, y: 0}
  - {x: 30, y: 0}
  - {x: 0, y: -9}
  - {x: 30, y: -9}
  - {x: 0, y: -9}
  - {x: -30, y: -9}
  - {x: 0, y: 0}
  - {x: -30, y: 0}
  m_Textures2: []
  m_Textures3: []
  m_Tangents:
  - {x: -1, y: 0, z: 0, w: -1}
  - {x: -1, y: 0, z: 0, w: -1}
  - {x: -1, y: 0, z: 0, w: -1}
  - {x: -1, y: 0, z: 0, w: -1}
  - {x: 0, y: 0, z: 1, w: -1}
  - {x: 0, y: 0, z: 1, w: -1}
  - {x: 0, y: 0, z: 1, w: -1}
  - {x: 0, y: 0, z: 1, w: -1}
  - {x: 1, y: 0, z: 0, w: -1}
  - {x: 1, y: 0, z: 0, w: -1}
  - {x: 1, y: 0, z: 0, w: -1}
  - {x: 1, y: 0, z: 0, w: -1}
  - {x: 0, y: 0, z: -1, w: -1}
  - {x: 0, y: 0, z: -1, w: -1}
  - {x: 0, y: 0, z: -1, w: -1}
  - {x: 0, y: 0, z: -1, w: -1}
  - {x: 1, y: 0, z: 0, w: -1}
  - {x: 1, y: 0, z: 0, w: -1}
  - {x: 1, y: 0, z: 0, w: -1}
  - {x: 1, y: 0, z: 0, w: -1}
  - {x: -1, y: 0, z: 0, w: -1}
  - {x: -1, y: 0, z: 0, w: -1}
  - {x: -1, y: 0, z: 0, w: -1}
  - {x: -1, y: 0, z: 0, w: -1}
  m_Colors:
  - {r: 0.3773585, g: 0.19924991, b: 0.044499815, a: 1}
  - {r: 0.3773585, g: 0.19924991, b: 0.044499815, a: 1}
  - {r: 0.3773585, g: 0.19924991, b: 0.044499815, a: 1}
  - {r: 0.3773585, g: 0.19924991, b: 0.044499815, a: 1}
  - {r: 0.3773585, g: 0.19924991, b: 0.044499815, a: 1}
  - {r: 0.3773585, g: 0.19924991, b: 0.044499815, a: 1}
  - {r: 0.3773585, g: 0.19924991, b: 0.044499815, a: 1}
  - {r: 0.3773585, g: 0.19924991, b: 0.044499815, a: 1}
  - {r: 0.3773585, g: 0.19924991, b: 0.044499815, a: 1}
  - {r: 0.3773585, g: 0.19924991, b: 0.044499815, a: 1}
  - {r: 0.3773585, g: 0.19924991, b: 0.044499815, a: 1}
  - {r: 0.3773585, g: 0.19924991, b: 0.044499815, a: 1}
  - {r: 0.3773585, g: 0.19924991, b: 0.044499815, a: 1}
  - {r: 0.3773585, g: 0.19924991, b: 0.044499815, a: 1}
  - {r: 0.3773585, g: 0.19924991, b: 0.044499815, a: 1}
  - {r: 0.3773585, g: 0.19924991, b: 0.044499815, a: 1}
  - {r: 0.3773585, g: 0.19924991, b: 0.044499815, a: 1}
  - {r: 0.3773585, g: 0.19924991, b: 0.044499815, a: 1}
  - {r: 0.3773585, g: 0.19924991, b: 0.044499815, a: 1}
  - {r: 0.3773585, g: 0.19924991, b: 0.044499815, a: 1}
  - {r: 0.3773585, g: 0.19924991, b: 0.044499815, a: 1}
  - {r: 0.3773585, g: 0.19924991, b: 0.044499815, a: 1}
  - {r: 0.3773585, g: 0.19924991, b: 0.044499815, a: 1}
  - {r: 0.3773585, g: 0.19924991, b: 0.044499815, a: 1}
  m_UnwrapParameters:
    m_HardAngle: 88
    m_PackMargin: 20
    m_AngleError: 8
    m_AreaError: 15
  m_PreserveMeshAssetOnDestroy: 0
  assetGuid: 
  m_Mesh: {fileID: 0}
  m_IsSelectable: 1
  m_SelectedFaces: 
  m_SelectedEdges: []
  m_SelectedVertices: 
--- !u!23 &2248535759821306584
MeshRenderer:
  m_ObjectHideFlags: 0
  m_CorrespondingSourceObject: {fileID: 0}
  m_PrefabInstance: {fileID: 0}
  m_PrefabAsset: {fileID: 0}
  m_GameObject: {fileID: 1434837062532452807}
  m_Enabled: 1
  m_CastShadows: 1
  m_ReceiveShadows: 1
  m_DynamicOccludee: 1
  m_MotionVectors: 1
  m_LightProbeUsage: 1
  m_ReflectionProbeUsage: 1
  m_RayTracingMode: 2
  m_RayTraceProcedural: 0
  m_RenderingLayerMask: 1
  m_RendererPriority: 0
  m_Materials:
  - {fileID: 2100000, guid: c22777d6e868e4f2fb421913386b154e, type: 2}
  m_StaticBatchInfo:
    firstSubMesh: 0
    subMeshCount: 0
  m_StaticBatchRoot: {fileID: 0}
  m_ProbeAnchor: {fileID: 0}
  m_LightProbeVolumeOverride: {fileID: 0}
  m_ScaleInLightmap: 1
  m_ReceiveGI: 1
  m_PreserveUVs: 0
  m_IgnoreNormalsForChartDetection: 0
  m_ImportantGI: 0
  m_StitchLightmapSeams: 1
  m_SelectedEditorRenderState: 2
  m_MinimumChartSize: 4
  m_AutoUVMaxDistance: 0.5
  m_AutoUVMaxAngle: 89
  m_LightmapParameters: {fileID: 0}
  m_SortingLayerID: 0
  m_SortingLayer: 0
  m_SortingOrder: 0
  m_AdditionalVertexStreams: {fileID: 0}
--- !u!33 &6517410295284980829
MeshFilter:
  m_ObjectHideFlags: 0
  m_CorrespondingSourceObject: {fileID: 0}
  m_PrefabInstance: {fileID: 0}
  m_PrefabAsset: {fileID: 0}
  m_GameObject: {fileID: 1434837062532452807}
  m_Mesh: {fileID: 0}
--- !u!64 &4457954206553560930
MeshCollider:
  m_ObjectHideFlags: 0
  m_CorrespondingSourceObject: {fileID: 0}
  m_PrefabInstance: {fileID: 0}
  m_PrefabAsset: {fileID: 0}
  m_GameObject: {fileID: 1434837062532452807}
  m_Material: {fileID: 0}
  m_IsTrigger: 0
  m_Enabled: 1
  serializedVersion: 4
  m_Convex: 0
  m_CookingOptions: 30
  m_Mesh: {fileID: 0}
--- !u!1 &2810907620513892821
GameObject:
  m_ObjectHideFlags: 0
  m_CorrespondingSourceObject: {fileID: 0}
  m_PrefabInstance: {fileID: 0}
  m_PrefabAsset: {fileID: 0}
  serializedVersion: 6
  m_Component:
  - component: {fileID: 2850853439345654756}
  - component: {fileID: 801318885342600720}
  - component: {fileID: 9024502891663492872}
  - component: {fileID: 1238416430163900869}
  - component: {fileID: 2092521062200564415}
  m_Layer: 0
  m_Name: Cube (5)
  m_TagString: Untagged
  m_Icon: {fileID: 0}
  m_NavMeshLayer: 0
  m_StaticEditorFlags: 0
  m_IsActive: 1
--- !u!4 &2850853439345654756
Transform:
  m_ObjectHideFlags: 0
  m_CorrespondingSourceObject: {fileID: 0}
  m_PrefabInstance: {fileID: 0}
  m_PrefabAsset: {fileID: 0}
  m_GameObject: {fileID: 2810907620513892821}
  m_LocalRotation: {x: -0, y: -0, z: -0, w: 1}
  m_LocalPosition: {x: 0, y: 17, z: 0}
  m_LocalScale: {x: 1, y: 1, z: 1}
  m_Children: []
  m_Father: {fileID: 3727200173203823375}
  m_RootOrder: 4
  m_LocalEulerAnglesHint: {x: 0, y: 0, z: 0}
--- !u!114 &801318885342600720
MonoBehaviour:
  m_ObjectHideFlags: 0
  m_CorrespondingSourceObject: {fileID: 0}
  m_PrefabInstance: {fileID: 0}
  m_PrefabAsset: {fileID: 0}
  m_GameObject: {fileID: 2810907620513892821}
  m_Enabled: 1
  m_EditorHideFlags: 0
  m_Script: {fileID: 11500000, guid: 8233d90336aea43098adf6dbabd606a2, type: 3}
  m_Name: 
  m_EditorClassIdentifier: 
  m_MeshFormatVersion: 1
  m_Faces:
  - m_Indexes: 000000000100000002000000010000000300000002000000
    m_SmoothingGroup: 0
    m_Uv:
      m_UseWorldSpace: 0
      m_FlipU: 0
      m_FlipV: 0
      m_SwapUV: 0
      m_Fill: 1
      m_Scale: {x: 1, y: 1}
      m_Offset: {x: 0, y: 0}
      m_Rotation: 0
      m_Anchor: 9
    m_Material: {fileID: 0}
    m_SubmeshIndex: 0
    m_ManualUV: 0
    elementGroup: -1
    m_TextureGroup: -1
  - m_Indexes: 040000000500000006000000050000000700000006000000
    m_SmoothingGroup: 0
    m_Uv:
      m_UseWorldSpace: 0
      m_FlipU: 0
      m_FlipV: 0
      m_SwapUV: 0
      m_Fill: 1
      m_Scale: {x: 1, y: 1}
      m_Offset: {x: 0, y: 0}
      m_Rotation: 0
      m_Anchor: 9
    m_Material: {fileID: 0}
    m_SubmeshIndex: 0
    m_ManualUV: 0
    elementGroup: -1
    m_TextureGroup: -1
  - m_Indexes: 08000000090000000a000000090000000b0000000a000000
    m_SmoothingGroup: 0
    m_Uv:
      m_UseWorldSpace: 0
      m_FlipU: 0
      m_FlipV: 0
      m_SwapUV: 0
      m_Fill: 1
      m_Scale: {x: 1, y: 1}
      m_Offset: {x: 0, y: 0}
      m_Rotation: 0
      m_Anchor: 9
    m_Material: {fileID: 0}
    m_SubmeshIndex: 0
    m_ManualUV: 0
    elementGroup: -1
    m_TextureGroup: -1
  - m_Indexes: 0c0000000d0000000e0000000d0000000f0000000e000000
    m_SmoothingGroup: 0
    m_Uv:
      m_UseWorldSpace: 0
      m_FlipU: 0
      m_FlipV: 0
      m_SwapUV: 0
      m_Fill: 1
      m_Scale: {x: 1, y: 1}
      m_Offset: {x: 0, y: 0}
      m_Rotation: 0
      m_Anchor: 9
    m_Material: {fileID: 0}
    m_SubmeshIndex: 0
    m_ManualUV: 0
    elementGroup: -1
    m_TextureGroup: -1
  - m_Indexes: 100000001100000012000000110000001300000012000000
    m_SmoothingGroup: 0
    m_Uv:
      m_UseWorldSpace: 0
      m_FlipU: 0
      m_FlipV: 0
      m_SwapUV: 0
      m_Fill: 1
      m_Scale: {x: 1, y: 1}
      m_Offset: {x: 0, y: 0}
      m_Rotation: 0
      m_Anchor: 9
    m_Material: {fileID: 0}
    m_SubmeshIndex: 0
    m_ManualUV: 0
    elementGroup: -1
    m_TextureGroup: -1
  - m_Indexes: 140000001500000016000000150000001700000016000000
    m_SmoothingGroup: 0
    m_Uv:
      m_UseWorldSpace: 0
      m_FlipU: 0
      m_FlipV: 0
      m_SwapUV: 0
      m_Fill: 1
      m_Scale: {x: 1, y: 1}
      m_Offset: {x: 0, y: 0}
      m_Rotation: 0
      m_Anchor: 9
    m_Material: {fileID: 0}
    m_SubmeshIndex: 0
    m_ManualUV: 0
    elementGroup: -1
    m_TextureGroup: -1
  m_SharedVertices:
  - m_Vertices: 000000000d00000016000000
  - m_Vertices: 010000000400000017000000
  - m_Vertices: 020000000f00000010000000
  - m_Vertices: 030000000600000011000000
  - m_Vertices: 050000000800000015000000
  - m_Vertices: 070000000a00000013000000
  - m_Vertices: 090000000c00000014000000
  - m_Vertices: 0b0000000e00000012000000
  m_SharedTextures: []
  m_Positions:
  - {x: 0, y: 0, z: 0}
  - {x: 1, y: 0, z: 0}
  - {x: 0, y: 12, z: 0}
  - {x: 1, y: 12, z: 0}
  - {x: 1, y: 0, z: 0}
  - {x: 1, y: 0, z: -9}
  - {x: 1, y: 12, z: 0}
  - {x: 1, y: 12, z: -9}
  - {x: 1, y: 0, z: -9}
  - {x: 0, y: 0, z: -9}
  - {x: 1, y: 12, z: -9}
  - {x: 0, y: 12, z: -9}
  - {x: 0, y: 0, z: -9}
  - {x: 0, y: 0, z: 0}
  - {x: 0, y: 12, z: -9}
  - {x: 0, y: 12, z: 0}
  - {x: 0, y: 12, z: 0}
  - {x: 1, y: 12, z: 0}
  - {x: 0, y: 12, z: -9}
  - {x: 1, y: 12, z: -9}
  - {x: 0, y: 0, z: -9}
  - {x: 1, y: 0, z: -9}
  - {x: 0, y: 0, z: 0}
  - {x: 1, y: 0, z: 0}
  m_Textures0:
  - {x: 0, y: 0}
  - {x: -1, y: 0}
  - {x: 0, y: 12}
  - {x: -1, y: 12}
  - {x: 0, y: 0}
  - {x: -9, y: 0}
  - {x: 0, y: 12}
  - {x: -9, y: 12}
  - {x: 1, y: 0}
  - {x: 0, y: 0}
  - {x: 1, y: 12}
  - {x: 0, y: 12}
  - {x: 9, y: 0}
  - {x: 0, y: 0}
  - {x: 9, y: 12}
  - {x: 0, y: 12}
  - {x: 0, y: 0}
  - {x: 1, y: 0}
  - {x: 0, y: -9}
  - {x: 1, y: -9}
  - {x: 0, y: -9}
  - {x: -1, y: -9}
  - {x: 0, y: 0}
  - {x: -1, y: 0}
  m_Textures2: []
  m_Textures3: []
  m_Tangents:
  - {x: -1, y: 0, z: 0, w: -1}
  - {x: -1, y: 0, z: 0, w: -1}
  - {x: -1, y: 0, z: 0, w: -1}
  - {x: -1, y: 0, z: 0, w: -1}
  - {x: 0, y: 0, z: 1, w: -1}
  - {x: 0, y: 0, z: 1, w: -1}
  - {x: 0, y: 0, z: 1, w: -1}
  - {x: 0, y: 0, z: 1, w: -1}
  - {x: 1, y: 0, z: 0, w: -1}
  - {x: 1, y: 0, z: 0, w: -1}
  - {x: 1, y: 0, z: 0, w: -1}
  - {x: 1, y: 0, z: 0, w: -1}
  - {x: 0, y: 0, z: -1, w: -1}
  - {x: 0, y: 0, z: -1, w: -1}
  - {x: 0, y: 0, z: -1, w: -1}
  - {x: 0, y: 0, z: -1, w: -1}
  - {x: 1, y: 0, z: 0, w: -1}
  - {x: 1, y: 0, z: 0, w: -1}
  - {x: 1, y: 0, z: 0, w: -1}
  - {x: 1, y: 0, z: 0, w: -1}
  - {x: -1, y: 0, z: 0, w: -1}
  - {x: -1, y: 0, z: 0, w: -1}
  - {x: -1, y: 0, z: 0, w: -1}
  - {x: -1, y: 0, z: 0, w: -1}
  m_Colors:
  - {r: 0.3773585, g: 0.19924991, b: 0.044499815, a: 1}
  - {r: 0.3773585, g: 0.19924991, b: 0.044499815, a: 1}
  - {r: 0.3773585, g: 0.19924991, b: 0.044499815, a: 1}
  - {r: 0.3773585, g: 0.19924991, b: 0.044499815, a: 1}
  - {r: 0.3773585, g: 0.19924991, b: 0.044499815, a: 1}
  - {r: 0.3773585, g: 0.19924991, b: 0.044499815, a: 1}
  - {r: 0.3773585, g: 0.19924991, b: 0.044499815, a: 1}
  - {r: 0.3773585, g: 0.19924991, b: 0.044499815, a: 1}
  - {r: 0.3773585, g: 0.19924991, b: 0.044499815, a: 1}
  - {r: 0.3773585, g: 0.19924991, b: 0.044499815, a: 1}
  - {r: 0.3773585, g: 0.19924991, b: 0.044499815, a: 1}
  - {r: 0.3773585, g: 0.19924991, b: 0.044499815, a: 1}
  - {r: 0.3773585, g: 0.19924991, b: 0.044499815, a: 1}
  - {r: 0.3773585, g: 0.19924991, b: 0.044499815, a: 1}
  - {r: 0.3773585, g: 0.19924991, b: 0.044499815, a: 1}
  - {r: 0.3773585, g: 0.19924991, b: 0.044499815, a: 1}
  - {r: 0.3773585, g: 0.19924991, b: 0.044499815, a: 1}
  - {r: 0.3773585, g: 0.19924991, b: 0.044499815, a: 1}
  - {r: 0.3773585, g: 0.19924991, b: 0.044499815, a: 1}
  - {r: 0.3773585, g: 0.19924991, b: 0.044499815, a: 1}
  - {r: 0.3773585, g: 0.19924991, b: 0.044499815, a: 1}
  - {r: 0.3773585, g: 0.19924991, b: 0.044499815, a: 1}
  - {r: 0.3773585, g: 0.19924991, b: 0.044499815, a: 1}
  - {r: 0.3773585, g: 0.19924991, b: 0.044499815, a: 1}
  m_UnwrapParameters:
    m_HardAngle: 88
    m_PackMargin: 20
    m_AngleError: 8
    m_AreaError: 15
  m_PreserveMeshAssetOnDestroy: 0
  assetGuid: 
  m_Mesh: {fileID: 0}
  m_IsSelectable: 1
  m_SelectedFaces: 
  m_SelectedEdges: []
  m_SelectedVertices: 
--- !u!23 &9024502891663492872
MeshRenderer:
  m_ObjectHideFlags: 0
  m_CorrespondingSourceObject: {fileID: 0}
  m_PrefabInstance: {fileID: 0}
  m_PrefabAsset: {fileID: 0}
  m_GameObject: {fileID: 2810907620513892821}
  m_Enabled: 1
  m_CastShadows: 1
  m_ReceiveShadows: 1
  m_DynamicOccludee: 1
  m_MotionVectors: 1
  m_LightProbeUsage: 1
  m_ReflectionProbeUsage: 1
  m_RayTracingMode: 2
  m_RayTraceProcedural: 0
  m_RenderingLayerMask: 1
  m_RendererPriority: 0
  m_Materials:
  - {fileID: 2100000, guid: c22777d6e868e4f2fb421913386b154e, type: 2}
  m_StaticBatchInfo:
    firstSubMesh: 0
    subMeshCount: 0
  m_StaticBatchRoot: {fileID: 0}
  m_ProbeAnchor: {fileID: 0}
  m_LightProbeVolumeOverride: {fileID: 0}
  m_ScaleInLightmap: 1
  m_ReceiveGI: 1
  m_PreserveUVs: 0
  m_IgnoreNormalsForChartDetection: 0
  m_ImportantGI: 0
  m_StitchLightmapSeams: 1
  m_SelectedEditorRenderState: 2
  m_MinimumChartSize: 4
  m_AutoUVMaxDistance: 0.5
  m_AutoUVMaxAngle: 89
  m_LightmapParameters: {fileID: 0}
  m_SortingLayerID: 0
  m_SortingLayer: 0
  m_SortingOrder: 0
  m_AdditionalVertexStreams: {fileID: 0}
--- !u!33 &1238416430163900869
MeshFilter:
  m_ObjectHideFlags: 0
  m_CorrespondingSourceObject: {fileID: 0}
  m_PrefabInstance: {fileID: 0}
  m_PrefabAsset: {fileID: 0}
  m_GameObject: {fileID: 2810907620513892821}
  m_Mesh: {fileID: 0}
--- !u!64 &2092521062200564415
MeshCollider:
  m_ObjectHideFlags: 0
  m_CorrespondingSourceObject: {fileID: 0}
  m_PrefabInstance: {fileID: 0}
  m_PrefabAsset: {fileID: 0}
  m_GameObject: {fileID: 2810907620513892821}
  m_Material: {fileID: 0}
  m_IsTrigger: 0
  m_Enabled: 1
  serializedVersion: 4
  m_Convex: 0
  m_CookingOptions: 30
  m_Mesh: {fileID: 0}
--- !u!1 &3014819047345221149
GameObject:
  m_ObjectHideFlags: 0
  m_CorrespondingSourceObject: {fileID: 0}
  m_PrefabInstance: {fileID: 0}
  m_PrefabAsset: {fileID: 0}
  serializedVersion: 6
  m_Component:
  - component: {fileID: 564993974064765025}
  - component: {fileID: 4313045776751686184}
  - component: {fileID: 8267139642846775122}
  - component: {fileID: 6625988379922259255}
  - component: {fileID: 8287246740660840997}
  m_Layer: 0
  m_Name: Cube (6)
  m_TagString: Untagged
  m_Icon: {fileID: 0}
  m_NavMeshLayer: 0
  m_StaticEditorFlags: 0
  m_IsActive: 1
--- !u!4 &564993974064765025
Transform:
  m_ObjectHideFlags: 0
  m_CorrespondingSourceObject: {fileID: 0}
  m_PrefabInstance: {fileID: 0}
  m_PrefabAsset: {fileID: 0}
  m_GameObject: {fileID: 3014819047345221149}
  m_LocalRotation: {x: -0, y: -0, z: -0, w: 1}
  m_LocalPosition: {x: 29, y: 1, z: 0}
  m_LocalScale: {x: 1, y: 1, z: 1}
  m_Children: []
  m_Father: {fileID: 3727200173203823375}
  m_RootOrder: 5
  m_LocalEulerAnglesHint: {x: 0, y: 0, z: 0}
--- !u!114 &4313045776751686184
MonoBehaviour:
  m_ObjectHideFlags: 0
  m_CorrespondingSourceObject: {fileID: 0}
  m_PrefabInstance: {fileID: 0}
  m_PrefabAsset: {fileID: 0}
  m_GameObject: {fileID: 3014819047345221149}
  m_Enabled: 1
  m_EditorHideFlags: 0
  m_Script: {fileID: 11500000, guid: 8233d90336aea43098adf6dbabd606a2, type: 3}
  m_Name: 
  m_EditorClassIdentifier: 
  m_MeshFormatVersion: 1
  m_Faces:
  - m_Indexes: 000000000100000002000000010000000300000002000000
    m_SmoothingGroup: 0
    m_Uv:
      m_UseWorldSpace: 0
      m_FlipU: 0
      m_FlipV: 0
      m_SwapUV: 0
      m_Fill: 1
      m_Scale: {x: 1, y: 1}
      m_Offset: {x: 0, y: 0}
      m_Rotation: 0
      m_Anchor: 9
    m_Material: {fileID: 0}
    m_SubmeshIndex: 0
    m_ManualUV: 0
    elementGroup: -1
    m_TextureGroup: -1
  - m_Indexes: 040000000500000006000000050000000700000006000000
    m_SmoothingGroup: 0
    m_Uv:
      m_UseWorldSpace: 0
      m_FlipU: 0
      m_FlipV: 0
      m_SwapUV: 0
      m_Fill: 1
      m_Scale: {x: 1, y: 1}
      m_Offset: {x: 0, y: 0}
      m_Rotation: 0
      m_Anchor: 9
    m_Material: {fileID: 0}
    m_SubmeshIndex: 0
    m_ManualUV: 0
    elementGroup: -1
    m_TextureGroup: -1
  - m_Indexes: 08000000090000000a000000090000000b0000000a000000
    m_SmoothingGroup: 0
    m_Uv:
      m_UseWorldSpace: 0
      m_FlipU: 0
      m_FlipV: 0
      m_SwapUV: 0
      m_Fill: 1
      m_Scale: {x: 1, y: 1}
      m_Offset: {x: 0, y: 0}
      m_Rotation: 0
      m_Anchor: 9
    m_Material: {fileID: 0}
    m_SubmeshIndex: 0
    m_ManualUV: 0
    elementGroup: -1
    m_TextureGroup: -1
  - m_Indexes: 0c0000000d0000000e0000000d0000000f0000000e000000
    m_SmoothingGroup: 0
    m_Uv:
      m_UseWorldSpace: 0
      m_FlipU: 0
      m_FlipV: 0
      m_SwapUV: 0
      m_Fill: 1
      m_Scale: {x: 1, y: 1}
      m_Offset: {x: 0, y: 0}
      m_Rotation: 0
      m_Anchor: 9
    m_Material: {fileID: 0}
    m_SubmeshIndex: 0
    m_ManualUV: 0
    elementGroup: -1
    m_TextureGroup: -1
  - m_Indexes: 100000001100000012000000110000001300000012000000
    m_SmoothingGroup: 0
    m_Uv:
      m_UseWorldSpace: 0
      m_FlipU: 0
      m_FlipV: 0
      m_SwapUV: 0
      m_Fill: 1
      m_Scale: {x: 1, y: 1}
      m_Offset: {x: 0, y: 0}
      m_Rotation: 0
      m_Anchor: 9
    m_Material: {fileID: 0}
    m_SubmeshIndex: 0
    m_ManualUV: 0
    elementGroup: -1
    m_TextureGroup: -1
  - m_Indexes: 140000001500000016000000150000001700000016000000
    m_SmoothingGroup: 0
    m_Uv:
      m_UseWorldSpace: 0
      m_FlipU: 0
      m_FlipV: 0
      m_SwapUV: 0
      m_Fill: 1
      m_Scale: {x: 1, y: 1}
      m_Offset: {x: 0, y: 0}
      m_Rotation: 0
      m_Anchor: 9
    m_Material: {fileID: 0}
    m_SubmeshIndex: 0
    m_ManualUV: 0
    elementGroup: -1
    m_TextureGroup: -1
  m_SharedVertices:
  - m_Vertices: 000000000d00000016000000
  - m_Vertices: 010000000400000017000000
  - m_Vertices: 020000000f00000010000000
  - m_Vertices: 030000000600000011000000
  - m_Vertices: 050000000800000015000000
  - m_Vertices: 070000000a00000013000000
  - m_Vertices: 090000000c00000014000000
  - m_Vertices: 0b0000000e00000012000000
  m_SharedTextures: []
  m_Positions:
  - {x: 0, y: 0, z: 0}
  - {x: 1, y: 0, z: 0}
  - {x: 0, y: 28, z: 0}
  - {x: 1, y: 28, z: 0}
  - {x: 1, y: 0, z: 0}
  - {x: 1, y: 0, z: -9}
  - {x: 1, y: 28, z: 0}
  - {x: 1, y: 28, z: -9}
  - {x: 1, y: 0, z: -9}
  - {x: 0, y: 0, z: -9}
  - {x: 1, y: 28, z: -9}
  - {x: 0, y: 28, z: -9}
  - {x: 0, y: 0, z: -9}
  - {x: 0, y: 0, z: 0}
  - {x: 0, y: 28, z: -9}
  - {x: 0, y: 28, z: 0}
  - {x: 0, y: 28, z: 0}
  - {x: 1, y: 28, z: 0}
  - {x: 0, y: 28, z: -9}
  - {x: 1, y: 28, z: -9}
  - {x: 0, y: 0, z: -9}
  - {x: 1, y: 0, z: -9}
  - {x: 0, y: 0, z: 0}
  - {x: 1, y: 0, z: 0}
  m_Textures0:
  - {x: 0, y: 0}
  - {x: -1, y: 0}
  - {x: 0, y: 28}
  - {x: -1, y: 28}
  - {x: 0, y: 0}
  - {x: -9, y: 0}
  - {x: 0, y: 28}
  - {x: -9, y: 28}
  - {x: 1, y: 0}
  - {x: 0, y: 0}
  - {x: 1, y: 28}
  - {x: 0, y: 28}
  - {x: 9, y: 0}
  - {x: 0, y: 0}
  - {x: 9, y: 28}
  - {x: 0, y: 28}
  - {x: 0, y: 0}
  - {x: 1, y: 0}
  - {x: 0, y: -9}
  - {x: 1, y: -9}
  - {x: 0, y: -9}
  - {x: -1, y: -9}
  - {x: 0, y: 0}
  - {x: -1, y: 0}
  m_Textures2: []
  m_Textures3: []
  m_Tangents:
  - {x: -1, y: 0, z: 0, w: -1}
  - {x: -1, y: 0, z: 0, w: -1}
  - {x: -1, y: 0, z: 0, w: -1}
  - {x: -1, y: 0, z: 0, w: -1}
  - {x: 0, y: 0, z: 1, w: -1}
  - {x: 0, y: 0, z: 1, w: -1}
  - {x: 0, y: 0, z: 1, w: -1}
  - {x: 0, y: 0, z: 1, w: -1}
  - {x: 1, y: 0, z: 0, w: -1}
  - {x: 1, y: 0, z: 0, w: -1}
  - {x: 1, y: 0, z: 0, w: -1}
  - {x: 1, y: 0, z: 0, w: -1}
  - {x: 0, y: 0, z: -1, w: -1}
  - {x: 0, y: 0, z: -1, w: -1}
  - {x: 0, y: 0, z: -1, w: -1}
  - {x: 0, y: 0, z: -1, w: -1}
  - {x: 1, y: 0, z: 0, w: -1}
  - {x: 1, y: 0, z: 0, w: -1}
  - {x: 1, y: 0, z: 0, w: -1}
  - {x: 1, y: 0, z: 0, w: -1}
  - {x: -1, y: 0, z: 0, w: -1}
  - {x: -1, y: 0, z: 0, w: -1}
  - {x: -1, y: 0, z: 0, w: -1}
  - {x: -1, y: 0, z: 0, w: -1}
  m_Colors:
  - {r: 0.3773585, g: 0.19924991, b: 0.044499815, a: 1}
  - {r: 0.3773585, g: 0.19924991, b: 0.044499815, a: 1}
  - {r: 0.3773585, g: 0.19924991, b: 0.044499815, a: 1}
  - {r: 0.3773585, g: 0.19924991, b: 0.044499815, a: 1}
  - {r: 0.3773585, g: 0.19924991, b: 0.044499815, a: 1}
  - {r: 0.3773585, g: 0.19924991, b: 0.044499815, a: 1}
  - {r: 0.3773585, g: 0.19924991, b: 0.044499815, a: 1}
  - {r: 0.3773585, g: 0.19924991, b: 0.044499815, a: 1}
  - {r: 0.3773585, g: 0.19924991, b: 0.044499815, a: 1}
  - {r: 0.3773585, g: 0.19924991, b: 0.044499815, a: 1}
  - {r: 0.3773585, g: 0.19924991, b: 0.044499815, a: 1}
  - {r: 0.3773585, g: 0.19924991, b: 0.044499815, a: 1}
  - {r: 0.3773585, g: 0.19924991, b: 0.044499815, a: 1}
  - {r: 0.3773585, g: 0.19924991, b: 0.044499815, a: 1}
  - {r: 0.3773585, g: 0.19924991, b: 0.044499815, a: 1}
  - {r: 0.3773585, g: 0.19924991, b: 0.044499815, a: 1}
  - {r: 0.3773585, g: 0.19924991, b: 0.044499815, a: 1}
  - {r: 0.3773585, g: 0.19924991, b: 0.044499815, a: 1}
  - {r: 0.3773585, g: 0.19924991, b: 0.044499815, a: 1}
  - {r: 0.3773585, g: 0.19924991, b: 0.044499815, a: 1}
  - {r: 0.3773585, g: 0.19924991, b: 0.044499815, a: 1}
  - {r: 0.3773585, g: 0.19924991, b: 0.044499815, a: 1}
  - {r: 0.3773585, g: 0.19924991, b: 0.044499815, a: 1}
  - {r: 0.3773585, g: 0.19924991, b: 0.044499815, a: 1}
  m_UnwrapParameters:
    m_HardAngle: 88
    m_PackMargin: 20
    m_AngleError: 8
    m_AreaError: 15
  m_PreserveMeshAssetOnDestroy: 0
  assetGuid: 
  m_Mesh: {fileID: 0}
  m_IsSelectable: 1
  m_SelectedFaces: 
  m_SelectedEdges: []
  m_SelectedVertices: 
--- !u!23 &8267139642846775122
MeshRenderer:
  m_ObjectHideFlags: 0
  m_CorrespondingSourceObject: {fileID: 0}
  m_PrefabInstance: {fileID: 0}
  m_PrefabAsset: {fileID: 0}
  m_GameObject: {fileID: 3014819047345221149}
  m_Enabled: 1
  m_CastShadows: 1
  m_ReceiveShadows: 1
  m_DynamicOccludee: 1
  m_MotionVectors: 1
  m_LightProbeUsage: 1
  m_ReflectionProbeUsage: 1
  m_RayTracingMode: 2
  m_RayTraceProcedural: 0
  m_RenderingLayerMask: 1
  m_RendererPriority: 0
  m_Materials:
  - {fileID: 2100000, guid: c22777d6e868e4f2fb421913386b154e, type: 2}
  m_StaticBatchInfo:
    firstSubMesh: 0
    subMeshCount: 0
  m_StaticBatchRoot: {fileID: 0}
  m_ProbeAnchor: {fileID: 0}
  m_LightProbeVolumeOverride: {fileID: 0}
  m_ScaleInLightmap: 1
  m_ReceiveGI: 1
  m_PreserveUVs: 0
  m_IgnoreNormalsForChartDetection: 0
  m_ImportantGI: 0
  m_StitchLightmapSeams: 1
  m_SelectedEditorRenderState: 2
  m_MinimumChartSize: 4
  m_AutoUVMaxDistance: 0.5
  m_AutoUVMaxAngle: 89
  m_LightmapParameters: {fileID: 0}
  m_SortingLayerID: 0
  m_SortingLayer: 0
  m_SortingOrder: 0
  m_AdditionalVertexStreams: {fileID: 0}
--- !u!33 &6625988379922259255
MeshFilter:
  m_ObjectHideFlags: 0
  m_CorrespondingSourceObject: {fileID: 0}
  m_PrefabInstance: {fileID: 0}
  m_PrefabAsset: {fileID: 0}
  m_GameObject: {fileID: 3014819047345221149}
  m_Mesh: {fileID: 0}
--- !u!64 &8287246740660840997
MeshCollider:
  m_ObjectHideFlags: 0
  m_CorrespondingSourceObject: {fileID: 0}
  m_PrefabInstance: {fileID: 0}
  m_PrefabAsset: {fileID: 0}
  m_GameObject: {fileID: 3014819047345221149}
  m_Material: {fileID: 0}
  m_IsTrigger: 0
  m_Enabled: 1
  serializedVersion: 4
  m_Convex: 0
  m_CookingOptions: 30
  m_Mesh: {fileID: 0}
--- !u!1 &5302949632933118864
GameObject:
  m_ObjectHideFlags: 0
  m_CorrespondingSourceObject: {fileID: 0}
  m_PrefabInstance: {fileID: 0}
  m_PrefabAsset: {fileID: 0}
  serializedVersion: 6
  m_Component:
  - component: {fileID: 3727200173203823375}
  - component: {fileID: 3247939592042901800}
  - component: {fileID: 4397169407171057675}
  - component: {fileID: 7598568254545205286}
  - component: {fileID: 2251733896240800480}
  - component: {fileID: -7990486629990097948}
  m_Layer: 0
  m_Name: Shape5Plat
  m_TagString: Untagged
  m_Icon: {fileID: 0}
  m_NavMeshLayer: 0
  m_StaticEditorFlags: 0
  m_IsActive: 1
--- !u!4 &3727200173203823375
Transform:
  m_ObjectHideFlags: 0
  m_CorrespondingSourceObject: {fileID: 0}
  m_PrefabInstance: {fileID: 0}
  m_PrefabAsset: {fileID: 0}
  m_GameObject: {fileID: 5302949632933118864}
  m_LocalRotation: {x: -0, y: -0, z: -0, w: 1}
  m_LocalPosition: {x: 0, y: 0, z: 0}
  m_LocalScale: {x: 1, y: 1, z: 1}
  m_Children:
  - {fileID: 3400626420580278290}
  - {fileID: 3137452363787535385}
  - {fileID: 46166265606253205}
  - {fileID: 3965197841862497458}
  - {fileID: 2850853439345654756}
  - {fileID: 564993974064765025}
  m_Father: {fileID: 0}
  m_RootOrder: 0
  m_LocalEulerAnglesHint: {x: 0, y: 0, z: 0}
--- !u!114 &3247939592042901800
MonoBehaviour:
  m_ObjectHideFlags: 0
  m_CorrespondingSourceObject: {fileID: 0}
  m_PrefabInstance: {fileID: 0}
  m_PrefabAsset: {fileID: 0}
  m_GameObject: {fileID: 5302949632933118864}
  m_Enabled: 1
  m_EditorHideFlags: 0
  m_Script: {fileID: 11500000, guid: 8233d90336aea43098adf6dbabd606a2, type: 3}
  m_Name: 
  m_EditorClassIdentifier: 
  m_MeshFormatVersion: 1
  m_Faces:
  - m_Indexes: 000000000100000002000000010000000300000002000000
    m_SmoothingGroup: 0
    m_Uv:
      m_UseWorldSpace: 0
      m_FlipU: 0
      m_FlipV: 0
      m_SwapUV: 0
      m_Fill: 1
      m_Scale: {x: 1, y: 1}
      m_Offset: {x: 0, y: 0}
      m_Rotation: 0
      m_Anchor: 9
    m_Material: {fileID: 0}
    m_SubmeshIndex: 0
    m_ManualUV: 0
    elementGroup: -1
    m_TextureGroup: -1
  - m_Indexes: 040000000500000006000000050000000700000006000000
    m_SmoothingGroup: 0
    m_Uv:
      m_UseWorldSpace: 0
      m_FlipU: 0
      m_FlipV: 0
      m_SwapUV: 0
      m_Fill: 1
      m_Scale: {x: 1, y: 1}
      m_Offset: {x: 0, y: 0}
      m_Rotation: 0
      m_Anchor: 9
    m_Material: {fileID: 0}
    m_SubmeshIndex: 0
    m_ManualUV: 0
    elementGroup: -1
    m_TextureGroup: -1
  - m_Indexes: 08000000090000000a000000090000000b0000000a000000
    m_SmoothingGroup: 0
    m_Uv:
      m_UseWorldSpace: 0
      m_FlipU: 0
      m_FlipV: 0
      m_SwapUV: 0
      m_Fill: 1
      m_Scale: {x: 1, y: 1}
      m_Offset: {x: 0, y: 0}
      m_Rotation: 0
      m_Anchor: 9
    m_Material: {fileID: 0}
    m_SubmeshIndex: 0
    m_ManualUV: 0
    elementGroup: -1
    m_TextureGroup: -1
  - m_Indexes: 0c0000000d0000000e0000000d0000000f0000000e000000
    m_SmoothingGroup: 0
    m_Uv:
      m_UseWorldSpace: 0
      m_FlipU: 0
      m_FlipV: 0
      m_SwapUV: 0
      m_Fill: 1
      m_Scale: {x: 1, y: 1}
      m_Offset: {x: 0, y: 0}
      m_Rotation: 0
      m_Anchor: 9
    m_Material: {fileID: 0}
    m_SubmeshIndex: 0
    m_ManualUV: 0
    elementGroup: -1
    m_TextureGroup: -1
  - m_Indexes: 100000001100000012000000110000001300000012000000
    m_SmoothingGroup: 0
    m_Uv:
      m_UseWorldSpace: 0
      m_FlipU: 0
      m_FlipV: 0
      m_SwapUV: 0
      m_Fill: 1
      m_Scale: {x: 1, y: 1}
      m_Offset: {x: 0, y: 0}
      m_Rotation: 0
      m_Anchor: 9
    m_Material: {fileID: 0}
    m_SubmeshIndex: 0
    m_ManualUV: 0
    elementGroup: -1
    m_TextureGroup: -1
  - m_Indexes: 140000001500000016000000150000001700000016000000
    m_SmoothingGroup: 0
    m_Uv:
      m_UseWorldSpace: 0
      m_FlipU: 0
      m_FlipV: 0
      m_SwapUV: 0
      m_Fill: 1
      m_Scale: {x: 1, y: 1}
      m_Offset: {x: 0, y: 0}
      m_Rotation: 0
      m_Anchor: 9
    m_Material: {fileID: 0}
    m_SubmeshIndex: 0
    m_ManualUV: 0
    elementGroup: -1
    m_TextureGroup: -1
  m_SharedVertices:
  - m_Vertices: 000000000d00000016000000
  - m_Vertices: 010000000400000017000000
  - m_Vertices: 020000000f00000010000000
  - m_Vertices: 030000000600000011000000
  - m_Vertices: 050000000800000015000000
  - m_Vertices: 070000000a00000013000000
  - m_Vertices: 090000000c00000014000000
  - m_Vertices: 0b0000000e00000012000000
  m_SharedTextures: []
  m_Positions:
  - {x: 0, y: 0, z: 0}
  - {x: 30, y: 0, z: 0}
  - {x: 0, y: 30, z: 0}
  - {x: 30, y: 30, z: 0}
  - {x: 30, y: 0, z: 0}
  - {x: 30, y: 0, z: -1}
  - {x: 30, y: 30, z: 0}
  - {x: 30, y: 30, z: -1}
  - {x: 30, y: 0, z: -1}
  - {x: 0, y: 0, z: -1}
  - {x: 30, y: 30, z: -1}
  - {x: 0, y: 30, z: -1}
  - {x: 0, y: 0, z: -1}
  - {x: 0, y: 0, z: 0}
  - {x: 0, y: 30, z: -1}
  - {x: 0, y: 30, z: 0}
  - {x: 0, y: 30, z: 0}
  - {x: 30, y: 30, z: 0}
  - {x: 0, y: 30, z: -1}
  - {x: 30, y: 30, z: -1}
  - {x: 0, y: 0, z: -1}
  - {x: 30, y: 0, z: -1}
  - {x: 0, y: 0, z: 0}
  - {x: 30, y: 0, z: 0}
  m_Textures0:
  - {x: 0, y: 0}
  - {x: -30, y: 0}
  - {x: 0, y: 30}
  - {x: -30, y: 30}
  - {x: 0, y: 0}
  - {x: -1, y: 0}
  - {x: 0, y: 30}
  - {x: -1, y: 30}
  - {x: 30, y: 0}
  - {x: 0, y: 0}
  - {x: 30, y: 30}
  - {x: 0, y: 30}
  - {x: 1, y: 0}
  - {x: 0, y: 0}
  - {x: 1, y: 30}
  - {x: 0, y: 30}
  - {x: 0, y: 0}
  - {x: 30, y: 0}
  - {x: 0, y: -1}
  - {x: 30, y: -1}
  - {x: 0, y: -1}
  - {x: -30, y: -1}
  - {x: 0, y: 0}
  - {x: -30, y: 0}
  m_Textures2: []
  m_Textures3: []
  m_Tangents:
  - {x: -1, y: 0, z: 0, w: -1}
  - {x: -1, y: 0, z: 0, w: -1}
  - {x: -1, y: 0, z: 0, w: -1}
  - {x: -1, y: 0, z: 0, w: -1}
  - {x: 0, y: 0, z: 1, w: -1}
  - {x: 0, y: 0, z: 1, w: -1}
  - {x: 0, y: 0, z: 1, w: -1}
  - {x: 0, y: 0, z: 1, w: -1}
  - {x: 1, y: 0, z: 0, w: -1}
  - {x: 1, y: 0, z: 0, w: -1}
  - {x: 1, y: 0, z: 0, w: -1}
  - {x: 1, y: 0, z: 0, w: -1}
  - {x: 0, y: 0, z: -1, w: -1}
  - {x: 0, y: 0, z: -1, w: -1}
  - {x: 0, y: 0, z: -1, w: -1}
  - {x: 0, y: 0, z: -1, w: -1}
  - {x: 1, y: 0, z: 0, w: -1}
  - {x: 1, y: 0, z: 0, w: -1}
  - {x: 1, y: 0, z: 0, w: -1}
  - {x: 1, y: 0, z: 0, w: -1}
  - {x: -1, y: 0, z: 0, w: -1}
  - {x: -1, y: 0, z: 0, w: -1}
  - {x: -1, y: 0, z: 0, w: -1}
  - {x: -1, y: 0, z: 0, w: -1}
  m_Colors:
  - {r: 0.3773585, g: 0.19924991, b: 0.044499815, a: 1}
  - {r: 0.3773585, g: 0.19924991, b: 0.044499815, a: 1}
  - {r: 0.3773585, g: 0.19924991, b: 0.044499815, a: 1}
  - {r: 0.3773585, g: 0.19924991, b: 0.044499815, a: 1}
  - {r: 0.3773585, g: 0.19924991, b: 0.044499815, a: 1}
  - {r: 0.3773585, g: 0.19924991, b: 0.044499815, a: 1}
  - {r: 0.3773585, g: 0.19924991, b: 0.044499815, a: 1}
  - {r: 0.3773585, g: 0.19924991, b: 0.044499815, a: 1}
  - {r: 0.3773585, g: 0.19924991, b: 0.044499815, a: 1}
  - {r: 0.3773585, g: 0.19924991, b: 0.044499815, a: 1}
  - {r: 0.3773585, g: 0.19924991, b: 0.044499815, a: 1}
  - {r: 0.3773585, g: 0.19924991, b: 0.044499815, a: 1}
  - {r: 0.3773585, g: 0.19924991, b: 0.044499815, a: 1}
  - {r: 0.3773585, g: 0.19924991, b: 0.044499815, a: 1}
  - {r: 0.3773585, g: 0.19924991, b: 0.044499815, a: 1}
  - {r: 0.3773585, g: 0.19924991, b: 0.044499815, a: 1}
  - {r: 0.3773585, g: 0.19924991, b: 0.044499815, a: 1}
  - {r: 0.3773585, g: 0.19924991, b: 0.044499815, a: 1}
  - {r: 0.3773585, g: 0.19924991, b: 0.044499815, a: 1}
  - {r: 0.3773585, g: 0.19924991, b: 0.044499815, a: 1}
  - {r: 0.3773585, g: 0.19924991, b: 0.044499815, a: 1}
  - {r: 0.3773585, g: 0.19924991, b: 0.044499815, a: 1}
  - {r: 0.3773585, g: 0.19924991, b: 0.044499815, a: 1}
  - {r: 0.3773585, g: 0.19924991, b: 0.044499815, a: 1}
  m_UnwrapParameters:
    m_HardAngle: 88
    m_PackMargin: 20
    m_AngleError: 8
    m_AreaError: 15
  m_PreserveMeshAssetOnDestroy: 0
  assetGuid: 
  m_Mesh: {fileID: 0}
  m_IsSelectable: 1
  m_SelectedFaces: 
  m_SelectedEdges: []
  m_SelectedVertices: 
--- !u!23 &4397169407171057675
MeshRenderer:
  m_ObjectHideFlags: 0
  m_CorrespondingSourceObject: {fileID: 0}
  m_PrefabInstance: {fileID: 0}
  m_PrefabAsset: {fileID: 0}
  m_GameObject: {fileID: 5302949632933118864}
  m_Enabled: 1
  m_CastShadows: 1
  m_ReceiveShadows: 1
  m_DynamicOccludee: 1
  m_MotionVectors: 1
  m_LightProbeUsage: 1
  m_ReflectionProbeUsage: 1
  m_RayTracingMode: 2
  m_RayTraceProcedural: 0
  m_RenderingLayerMask: 1
  m_RendererPriority: 0
  m_Materials:
  - {fileID: 2100000, guid: c22777d6e868e4f2fb421913386b154e, type: 2}
  m_StaticBatchInfo:
    firstSubMesh: 0
    subMeshCount: 0
  m_StaticBatchRoot: {fileID: 0}
  m_ProbeAnchor: {fileID: 0}
  m_LightProbeVolumeOverride: {fileID: 0}
  m_ScaleInLightmap: 1
  m_ReceiveGI: 1
  m_PreserveUVs: 0
  m_IgnoreNormalsForChartDetection: 0
  m_ImportantGI: 0
  m_StitchLightmapSeams: 1
  m_SelectedEditorRenderState: 2
  m_MinimumChartSize: 4
  m_AutoUVMaxDistance: 0.5
  m_AutoUVMaxAngle: 89
  m_LightmapParameters: {fileID: 0}
  m_SortingLayerID: 0
  m_SortingLayer: 0
  m_SortingOrder: 0
  m_AdditionalVertexStreams: {fileID: 0}
--- !u!33 &7598568254545205286
MeshFilter:
  m_ObjectHideFlags: 0
  m_CorrespondingSourceObject: {fileID: 0}
  m_PrefabInstance: {fileID: 0}
  m_PrefabAsset: {fileID: 0}
  m_GameObject: {fileID: 5302949632933118864}
  m_Mesh: {fileID: 0}
--- !u!64 &2251733896240800480
MeshCollider:
  m_ObjectHideFlags: 0
  m_CorrespondingSourceObject: {fileID: 0}
  m_PrefabInstance: {fileID: 0}
  m_PrefabAsset: {fileID: 0}
  m_GameObject: {fileID: 5302949632933118864}
  m_Material: {fileID: 0}
  m_IsTrigger: 0
  m_Enabled: 1
  serializedVersion: 4
  m_Convex: 0
  m_CookingOptions: 30
  m_Mesh: {fileID: 0}
--- !u!114 &-7990486629990097948
MonoBehaviour:
  m_ObjectHideFlags: 0
  m_CorrespondingSourceObject: {fileID: 0}
  m_PrefabInstance: {fileID: 0}
  m_PrefabAsset: {fileID: 0}
  m_GameObject: {fileID: 5302949632933118864}
  m_Enabled: 1
  m_EditorHideFlags: 0
  m_Script: {fileID: 11500000, guid: d6cfb6ab31bb86941a4994cc0be47ad6, type: 3}
  m_Name: 
  m_EditorClassIdentifier: 
  roomType: 2
--- !u!1 &5425512425270938973
GameObject:
  m_ObjectHideFlags: 0
  m_CorrespondingSourceObject: {fileID: 0}
  m_PrefabInstance: {fileID: 0}
  m_PrefabAsset: {fileID: 0}
  serializedVersion: 6
  m_Component:
  - component: {fileID: 3965197841862497458}
  - component: {fileID: 3265150194833162463}
  - component: {fileID: 8317837653559707165}
  - component: {fileID: 257172906572649264}
  - component: {fileID: 6547821954355038024}
  m_Layer: 0
  m_Name: Cube (4)
  m_TagString: Untagged
  m_Icon: {fileID: 0}
  m_NavMeshLayer: 0
  m_StaticEditorFlags: 0
  m_IsActive: 1
--- !u!4 &3965197841862497458
Transform:
  m_ObjectHideFlags: 0
  m_CorrespondingSourceObject: {fileID: 0}
  m_PrefabInstance: {fileID: 0}
  m_PrefabAsset: {fileID: 0}
  m_GameObject: {fileID: 5425512425270938973}
  m_LocalRotation: {x: -0, y: -0, z: -0, w: 1}
  m_LocalPosition: {x: 0, y: 0, z: 0}
  m_LocalScale: {x: 1, y: 1, z: 1}
  m_Children: []
  m_Father: {fileID: 3727200173203823375}
  m_RootOrder: 3
  m_LocalEulerAnglesHint: {x: 0, y: 0, z: 0}
--- !u!114 &3265150194833162463
MonoBehaviour:
  m_ObjectHideFlags: 0
  m_CorrespondingSourceObject: {fileID: 0}
  m_PrefabInstance: {fileID: 0}
  m_PrefabAsset: {fileID: 0}
  m_GameObject: {fileID: 5425512425270938973}
  m_Enabled: 1
  m_EditorHideFlags: 0
  m_Script: {fileID: 11500000, guid: 8233d90336aea43098adf6dbabd606a2, type: 3}
  m_Name: 
  m_EditorClassIdentifier: 
  m_MeshFormatVersion: 1
  m_Faces:
  - m_Indexes: 000000000100000002000000010000000300000002000000
    m_SmoothingGroup: 0
    m_Uv:
      m_UseWorldSpace: 0
      m_FlipU: 0
      m_FlipV: 0
      m_SwapUV: 0
      m_Fill: 1
      m_Scale: {x: 1, y: 1}
      m_Offset: {x: 0, y: 0}
      m_Rotation: 0
      m_Anchor: 9
    m_Material: {fileID: 0}
    m_SubmeshIndex: 0
    m_ManualUV: 0
    elementGroup: -1
    m_TextureGroup: -1
  - m_Indexes: 040000000500000006000000050000000700000006000000
    m_SmoothingGroup: 0
    m_Uv:
      m_UseWorldSpace: 0
      m_FlipU: 0
      m_FlipV: 0
      m_SwapUV: 0
      m_Fill: 1
      m_Scale: {x: 1, y: 1}
      m_Offset: {x: 0, y: 0}
      m_Rotation: 0
      m_Anchor: 9
    m_Material: {fileID: 0}
    m_SubmeshIndex: 0
    m_ManualUV: 0
    elementGroup: -1
    m_TextureGroup: -1
  - m_Indexes: 08000000090000000a000000090000000b0000000a000000
    m_SmoothingGroup: 0
    m_Uv:
      m_UseWorldSpace: 0
      m_FlipU: 0
      m_FlipV: 0
      m_SwapUV: 0
      m_Fill: 1
      m_Scale: {x: 1, y: 1}
      m_Offset: {x: 0, y: 0}
      m_Rotation: 0
      m_Anchor: 9
    m_Material: {fileID: 0}
    m_SubmeshIndex: 0
    m_ManualUV: 0
    elementGroup: -1
    m_TextureGroup: -1
  - m_Indexes: 0c0000000d0000000e0000000d0000000f0000000e000000
    m_SmoothingGroup: 0
    m_Uv:
      m_UseWorldSpace: 0
      m_FlipU: 0
      m_FlipV: 0
      m_SwapUV: 0
      m_Fill: 1
      m_Scale: {x: 1, y: 1}
      m_Offset: {x: 0, y: 0}
      m_Rotation: 0
      m_Anchor: 9
    m_Material: {fileID: 0}
    m_SubmeshIndex: 0
    m_ManualUV: 0
    elementGroup: -1
    m_TextureGroup: -1
  - m_Indexes: 100000001100000012000000110000001300000012000000
    m_SmoothingGroup: 0
    m_Uv:
      m_UseWorldSpace: 0
      m_FlipU: 0
      m_FlipV: 0
      m_SwapUV: 0
      m_Fill: 1
      m_Scale: {x: 1, y: 1}
      m_Offset: {x: 0, y: 0}
      m_Rotation: 0
      m_Anchor: 9
    m_Material: {fileID: 0}
    m_SubmeshIndex: 0
    m_ManualUV: 0
    elementGroup: -1
    m_TextureGroup: -1
  - m_Indexes: 140000001500000016000000150000001700000016000000
    m_SmoothingGroup: 0
    m_Uv:
      m_UseWorldSpace: 0
      m_FlipU: 0
      m_FlipV: 0
      m_SwapUV: 0
      m_Fill: 1
      m_Scale: {x: 1, y: 1}
      m_Offset: {x: 0, y: 0}
      m_Rotation: 0
      m_Anchor: 9
    m_Material: {fileID: 0}
    m_SubmeshIndex: 0
    m_ManualUV: 0
    elementGroup: -1
    m_TextureGroup: -1
  m_SharedVertices:
  - m_Vertices: 000000000d00000016000000
  - m_Vertices: 010000000400000017000000
  - m_Vertices: 020000000f00000010000000
  - m_Vertices: 030000000600000011000000
  - m_Vertices: 050000000800000015000000
  - m_Vertices: 070000000a00000013000000
  - m_Vertices: 090000000c00000014000000
  - m_Vertices: 0b0000000e00000012000000
  m_SharedTextures: []
  m_Positions:
  - {x: 0, y: 0, z: 0}
  - {x: 1, y: 0, z: 0}
  - {x: 0, y: 12, z: 0}
  - {x: 1, y: 12, z: 0}
  - {x: 1, y: 0, z: 0}
  - {x: 1, y: 0, z: -9}
  - {x: 1, y: 12, z: 0}
  - {x: 1, y: 12, z: -9}
  - {x: 1, y: 0, z: -9}
  - {x: 0, y: 0, z: -9}
  - {x: 1, y: 12, z: -9}
  - {x: 0, y: 12, z: -9}
  - {x: 0, y: 0, z: -9}
  - {x: 0, y: 0, z: 0}
  - {x: 0, y: 12, z: -9}
  - {x: 0, y: 12, z: 0}
  - {x: 0, y: 12, z: 0}
  - {x: 1, y: 12, z: 0}
  - {x: 0, y: 12, z: -9}
  - {x: 1, y: 12, z: -9}
  - {x: 0, y: 0, z: -9}
  - {x: 1, y: 0, z: -9}
  - {x: 0, y: 0, z: 0}
  - {x: 1, y: 0, z: 0}
  m_Textures0:
  - {x: 0, y: 0}
  - {x: -1, y: 0}
  - {x: 0, y: 12}
  - {x: -1, y: 12}
  - {x: 0, y: 0}
  - {x: -9, y: 0}
  - {x: 0, y: 12}
  - {x: -9, y: 12}
  - {x: 1, y: 0}
  - {x: 0, y: 0}
  - {x: 1, y: 12}
  - {x: 0, y: 12}
  - {x: 9, y: 0}
  - {x: 0, y: 0}
  - {x: 9, y: 12}
  - {x: 0, y: 12}
  - {x: 0, y: 0}
  - {x: 1, y: 0}
  - {x: 0, y: -9}
  - {x: 1, y: -9}
  - {x: 0, y: -9}
  - {x: -1, y: -9}
  - {x: 0, y: 0}
  - {x: -1, y: 0}
  m_Textures2: []
  m_Textures3: []
  m_Tangents:
  - {x: -1, y: 0, z: 0, w: -1}
  - {x: -1, y: 0, z: 0, w: -1}
  - {x: -1, y: 0, z: 0, w: -1}
  - {x: -1, y: 0, z: 0, w: -1}
  - {x: 0, y: 0, z: 1, w: -1}
  - {x: 0, y: 0, z: 1, w: -1}
  - {x: 0, y: 0, z: 1, w: -1}
  - {x: 0, y: 0, z: 1, w: -1}
  - {x: 1, y: 0, z: 0, w: -1}
  - {x: 1, y: 0, z: 0, w: -1}
  - {x: 1, y: 0, z: 0, w: -1}
  - {x: 1, y: 0, z: 0, w: -1}
  - {x: 0, y: 0, z: -1, w: -1}
  - {x: 0, y: 0, z: -1, w: -1}
  - {x: 0, y: 0, z: -1, w: -1}
  - {x: 0, y: 0, z: -1, w: -1}
  - {x: 1, y: 0, z: 0, w: -1}
  - {x: 1, y: 0, z: 0, w: -1}
  - {x: 1, y: 0, z: 0, w: -1}
  - {x: 1, y: 0, z: 0, w: -1}
  - {x: -1, y: 0, z: 0, w: -1}
  - {x: -1, y: 0, z: 0, w: -1}
  - {x: -1, y: 0, z: 0, w: -1}
  - {x: -1, y: 0, z: 0, w: -1}
  m_Colors:
  - {r: 0.3773585, g: 0.19924991, b: 0.044499815, a: 1}
  - {r: 0.3773585, g: 0.19924991, b: 0.044499815, a: 1}
  - {r: 0.3773585, g: 0.19924991, b: 0.044499815, a: 1}
  - {r: 0.3773585, g: 0.19924991, b: 0.044499815, a: 1}
  - {r: 0.3773585, g: 0.19924991, b: 0.044499815, a: 1}
  - {r: 0.3773585, g: 0.19924991, b: 0.044499815, a: 1}
  - {r: 0.3773585, g: 0.19924991, b: 0.044499815, a: 1}
  - {r: 0.3773585, g: 0.19924991, b: 0.044499815, a: 1}
  - {r: 0.3773585, g: 0.19924991, b: 0.044499815, a: 1}
  - {r: 0.3773585, g: 0.19924991, b: 0.044499815, a: 1}
  - {r: 0.3773585, g: 0.19924991, b: 0.044499815, a: 1}
  - {r: 0.3773585, g: 0.19924991, b: 0.044499815, a: 1}
  - {r: 0.3773585, g: 0.19924991, b: 0.044499815, a: 1}
  - {r: 0.3773585, g: 0.19924991, b: 0.044499815, a: 1}
  - {r: 0.3773585, g: 0.19924991, b: 0.044499815, a: 1}
  - {r: 0.3773585, g: 0.19924991, b: 0.044499815, a: 1}
  - {r: 0.3773585, g: 0.19924991, b: 0.044499815, a: 1}
  - {r: 0.3773585, g: 0.19924991, b: 0.044499815, a: 1}
  - {r: 0.3773585, g: 0.19924991, b: 0.044499815, a: 1}
  - {r: 0.3773585, g: 0.19924991, b: 0.044499815, a: 1}
  - {r: 0.3773585, g: 0.19924991, b: 0.044499815, a: 1}
  - {r: 0.3773585, g: 0.19924991, b: 0.044499815, a: 1}
  - {r: 0.3773585, g: 0.19924991, b: 0.044499815, a: 1}
  - {r: 0.3773585, g: 0.19924991, b: 0.044499815, a: 1}
  m_UnwrapParameters:
    m_HardAngle: 88
    m_PackMargin: 20
    m_AngleError: 8
    m_AreaError: 15
  m_PreserveMeshAssetOnDestroy: 0
  assetGuid: 
  m_Mesh: {fileID: 0}
  m_IsSelectable: 1
  m_SelectedFaces: 
  m_SelectedEdges: []
  m_SelectedVertices: 
--- !u!23 &8317837653559707165
MeshRenderer:
  m_ObjectHideFlags: 0
  m_CorrespondingSourceObject: {fileID: 0}
  m_PrefabInstance: {fileID: 0}
  m_PrefabAsset: {fileID: 0}
  m_GameObject: {fileID: 5425512425270938973}
  m_Enabled: 1
  m_CastShadows: 1
  m_ReceiveShadows: 1
  m_DynamicOccludee: 1
  m_MotionVectors: 1
  m_LightProbeUsage: 1
  m_ReflectionProbeUsage: 1
  m_RayTracingMode: 2
  m_RayTraceProcedural: 0
  m_RenderingLayerMask: 1
  m_RendererPriority: 0
  m_Materials:
  - {fileID: 2100000, guid: c22777d6e868e4f2fb421913386b154e, type: 2}
  m_StaticBatchInfo:
    firstSubMesh: 0
    subMeshCount: 0
  m_StaticBatchRoot: {fileID: 0}
  m_ProbeAnchor: {fileID: 0}
  m_LightProbeVolumeOverride: {fileID: 0}
  m_ScaleInLightmap: 1
  m_ReceiveGI: 1
  m_PreserveUVs: 0
  m_IgnoreNormalsForChartDetection: 0
  m_ImportantGI: 0
  m_StitchLightmapSeams: 1
  m_SelectedEditorRenderState: 2
  m_MinimumChartSize: 4
  m_AutoUVMaxDistance: 0.5
  m_AutoUVMaxAngle: 89
  m_LightmapParameters: {fileID: 0}
  m_SortingLayerID: 0
  m_SortingLayer: 0
  m_SortingOrder: 0
  m_AdditionalVertexStreams: {fileID: 0}
--- !u!33 &257172906572649264
MeshFilter:
  m_ObjectHideFlags: 0
  m_CorrespondingSourceObject: {fileID: 0}
  m_PrefabInstance: {fileID: 0}
  m_PrefabAsset: {fileID: 0}
  m_GameObject: {fileID: 5425512425270938973}
  m_Mesh: {fileID: 0}
--- !u!64 &6547821954355038024
MeshCollider:
  m_ObjectHideFlags: 0
  m_CorrespondingSourceObject: {fileID: 0}
  m_PrefabInstance: {fileID: 0}
  m_PrefabAsset: {fileID: 0}
  m_GameObject: {fileID: 5425512425270938973}
  m_Material: {fileID: 0}
  m_IsTrigger: 0
  m_Enabled: 1
  serializedVersion: 4
  m_Convex: 0
  m_CookingOptions: 30
  m_Mesh: {fileID: 0}
