%YAML 1.1
%TAG !u! tag:unity3d.com,2011:
--- !u!1 &452427332869080080
GameObject:
  m_ObjectHideFlags: 0
  m_CorrespondingSourceObject: {fileID: 0}
  m_PrefabInstance: {fileID: 0}
  m_PrefabAsset: {fileID: 0}
  serializedVersion: 6
  m_Component:
  - component: {fileID: 452427332869080083}
  - component: {fileID: 452427332869080082}
  m_Layer: 0
  m_Name: ClimbableSurfaceOnFrame
  m_TagString: Climbable
  m_Icon: {fileID: 0}
  m_NavMeshLayer: 0
  m_StaticEditorFlags: 0
  m_IsActive: 1
--- !u!4 &452427332869080083
Transform:
  m_ObjectHideFlags: 0
  m_CorrespondingSourceObject: {fileID: 0}
  m_PrefabInstance: {fileID: 0}
  m_PrefabAsset: {fileID: 0}
  m_GameObject: {fileID: 452427332869080080}
  m_LocalRotation: {x: -0, y: -0, z: 0.70710576, w: 0.70710784}
  m_LocalPosition: {x: 0, y: 0, z: 0}
  m_LocalScale: {x: 6, y: 6, z: 1}
  m_Children:
  - {fileID: 7099455758493057165}
  - {fileID: 1424056333844430648}
  - {fileID: 1424056333008844923}
  m_Father: {fileID: 0}
  m_RootOrder: 0
  m_LocalEulerAnglesHint: {x: 0, y: 0, z: 0}
--- !u!65 &452427332869080082
BoxCollider:
  m_ObjectHideFlags: 0
  m_CorrespondingSourceObject: {fileID: 0}
  m_PrefabInstance: {fileID: 0}
  m_PrefabAsset: {fileID: 0}
  m_GameObject: {fileID: 452427332869080080}
  m_Material: {fileID: 0}
  m_IsTrigger: 1
  m_Enabled: 1
  serializedVersion: 2
  m_Size: {x: 1, y: 1, z: 4}
  m_Center: {x: 0, y: 0, z: 2}
--- !u!1 &7099455758493057162
GameObject:
  m_ObjectHideFlags: 0
  m_CorrespondingSourceObject: {fileID: 0}
  m_PrefabInstance: {fileID: 0}
  m_PrefabAsset: {fileID: 0}
  serializedVersion: 6
  m_Component:
  - component: {fileID: 7099455758493057165}
  m_Layer: 0
  m_Name: ClimbGridModell
  m_TagString: Untagged
  m_Icon: {fileID: 0}
  m_NavMeshLayer: 0
  m_StaticEditorFlags: 0
  m_IsActive: 1
--- !u!4 &7099455758493057165
Transform:
  m_ObjectHideFlags: 0
  m_CorrespondingSourceObject: {fileID: 0}
  m_PrefabInstance: {fileID: 0}
  m_PrefabAsset: {fileID: 0}
  m_GameObject: {fileID: 7099455758493057162}
  m_LocalRotation: {x: -0, y: 0.70710576, z: -0, w: 0.70710784}
  m_LocalPosition: {x: 0, y: -0.5416667, z: 4}
  m_LocalScale: {x: 100.16881, y: 16.694801, z: 16.694801}
  m_Children:
  - {fileID: 7431669379566018292}
  m_Father: {fileID: 452427332869080083}
  m_RootOrder: 0
  m_LocalEulerAnglesHint: {x: 0, y: 0, z: 0}
--- !u!1001 &5734249199994491869
PrefabInstance:
  m_ObjectHideFlags: 0
  serializedVersion: 2
  m_Modification:
    m_TransformParent: {fileID: 452427332869080083}
    m_Modifications:
    - target: {fileID: 6653900174871391141, guid: b3607d85dd3ee39439ee8c51ed3a34d1, type: 3}
      propertyPath: m_Name
      value: Framework (2)
      objectReference: {fileID: 0}
    - target: {fileID: 6653900174871391142, guid: b3607d85dd3ee39439ee8c51ed3a34d1, type: 3}
      propertyPath: m_LocalPosition.x
      value: 0
      objectReference: {fileID: 0}
    - target: {fileID: 6653900174871391142, guid: b3607d85dd3ee39439ee8c51ed3a34d1, type: 3}
      propertyPath: m_LocalPosition.y
      value: 0.606
      objectReference: {fileID: 0}
    - target: {fileID: 6653900174871391142, guid: b3607d85dd3ee39439ee8c51ed3a34d1, type: 3}
      propertyPath: m_LocalPosition.z
      value: 4.07
      objectReference: {fileID: 0}
    - target: {fileID: 6653900174871391142, guid: b3607d85dd3ee39439ee8c51ed3a34d1, type: 3}
      propertyPath: m_LocalRotation.x
      value: -0
      objectReference: {fileID: 0}
    - target: {fileID: 6653900174871391142, guid: b3607d85dd3ee39439ee8c51ed3a34d1, type: 3}
      propertyPath: m_LocalRotation.y
      value: -0
      objectReference: {fileID: 0}
    - target: {fileID: 6653900174871391142, guid: b3607d85dd3ee39439ee8c51ed3a34d1, type: 3}
      propertyPath: m_LocalRotation.z
      value: -0
      objectReference: {fileID: 0}
    - target: {fileID: 6653900174871391142, guid: b3607d85dd3ee39439ee8c51ed3a34d1, type: 3}
      propertyPath: m_LocalRotation.w
      value: 1
      objectReference: {fileID: 0}
    - target: {fileID: 6653900174871391142, guid: b3607d85dd3ee39439ee8c51ed3a34d1, type: 3}
      propertyPath: m_RootOrder
      value: 2
      objectReference: {fileID: 0}
    - target: {fileID: 6653900174871391142, guid: b3607d85dd3ee39439ee8c51ed3a34d1, type: 3}
      propertyPath: m_LocalEulerAnglesHint.x
      value: 0
      objectReference: {fileID: 0}
    - target: {fileID: 6653900174871391142, guid: b3607d85dd3ee39439ee8c51ed3a34d1, type: 3}
      propertyPath: m_LocalEulerAnglesHint.y
      value: 0
      objectReference: {fileID: 0}
    - target: {fileID: 6653900174871391142, guid: b3607d85dd3ee39439ee8c51ed3a34d1, type: 3}
      propertyPath: m_LocalEulerAnglesHint.z
      value: 0
      objectReference: {fileID: 0}
    - target: {fileID: 6653900174871391142, guid: b3607d85dd3ee39439ee8c51ed3a34d1, type: 3}
      propertyPath: m_LocalScale.x
      value: 117.51468
      objectReference: {fileID: 0}
    - target: {fileID: 6653900174871391142, guid: b3607d85dd3ee39439ee8c51ed3a34d1, type: 3}
      propertyPath: m_LocalScale.y
      value: 10.719661
      objectReference: {fileID: 0}
    m_RemovedComponents: []
  m_SourcePrefab: {fileID: 100100000, guid: b3607d85dd3ee39439ee8c51ed3a34d1, type: 3}
--- !u!4 &1424056333008844923 stripped
Transform:
  m_CorrespondingSourceObject: {fileID: 6653900174871391142, guid: b3607d85dd3ee39439ee8c51ed3a34d1, type: 3}
  m_PrefabInstance: {fileID: 5734249199994491869}
  m_PrefabAsset: {fileID: 0}
--- !u!1001 &5734249200761132190
PrefabInstance:
  m_ObjectHideFlags: 0
  serializedVersion: 2
  m_Modification:
    m_TransformParent: {fileID: 452427332869080083}
    m_Modifications:
    - target: {fileID: 6653900174871391141, guid: b3607d85dd3ee39439ee8c51ed3a34d1, type: 3}
      propertyPath: m_Name
      value: Framework
      objectReference: {fileID: 0}
    - target: {fileID: 6653900174871391142, guid: b3607d85dd3ee39439ee8c51ed3a34d1, type: 3}
      propertyPath: m_LocalPosition.x
      value: 0
      objectReference: {fileID: 0}
    - target: {fileID: 6653900174871391142, guid: b3607d85dd3ee39439ee8c51ed3a34d1, type: 3}
      propertyPath: m_LocalPosition.y
      value: -0.568
      objectReference: {fileID: 0}
    - target: {fileID: 6653900174871391142, guid: b3607d85dd3ee39439ee8c51ed3a34d1, type: 3}
      propertyPath: m_LocalPosition.z
      value: 4.07
      objectReference: {fileID: 0}
    - target: {fileID: 6653900174871391142, guid: b3607d85dd3ee39439ee8c51ed3a34d1, type: 3}
      propertyPath: m_LocalRotation.x
      value: -0
      objectReference: {fileID: 0}
    - target: {fileID: 6653900174871391142, guid: b3607d85dd3ee39439ee8c51ed3a34d1, type: 3}
      propertyPath: m_LocalRotation.y
      value: -0
      objectReference: {fileID: 0}
    - target: {fileID: 6653900174871391142, guid: b3607d85dd3ee39439ee8c51ed3a34d1, type: 3}
      propertyPath: m_LocalRotation.z
      value: -0
      objectReference: {fileID: 0}
    - target: {fileID: 6653900174871391142, guid: b3607d85dd3ee39439ee8c51ed3a34d1, type: 3}
      propertyPath: m_LocalRotation.w
      value: 1
      objectReference: {fileID: 0}
    - target: {fileID: 6653900174871391142, guid: b3607d85dd3ee39439ee8c51ed3a34d1, type: 3}
      propertyPath: m_RootOrder
      value: 1
      objectReference: {fileID: 0}
    - target: {fileID: 6653900174871391142, guid: b3607d85dd3ee39439ee8c51ed3a34d1, type: 3}
      propertyPath: m_LocalEulerAnglesHint.x
      value: 0
      objectReference: {fileID: 0}
    - target: {fileID: 6653900174871391142, guid: b3607d85dd3ee39439ee8c51ed3a34d1, type: 3}
      propertyPath: m_LocalEulerAnglesHint.y
      value: 0
      objectReference: {fileID: 0}
    - target: {fileID: 6653900174871391142, guid: b3607d85dd3ee39439ee8c51ed3a34d1, type: 3}
      propertyPath: m_LocalEulerAnglesHint.z
      value: 0
      objectReference: {fileID: 0}
    - target: {fileID: 6653900174871391142, guid: b3607d85dd3ee39439ee8c51ed3a34d1, type: 3}
      propertyPath: m_LocalScale.x
      value: 117.51468
      objectReference: {fileID: 0}
    - target: {fileID: 6653900174871391142, guid: b3607d85dd3ee39439ee8c51ed3a34d1, type: 3}
      propertyPath: m_LocalScale.y
      value: 10.719661
      objectReference: {fileID: 0}
    m_RemovedComponents: []
  m_SourcePrefab: {fileID: 100100000, guid: b3607d85dd3ee39439ee8c51ed3a34d1, type: 3}
--- !u!4 &1424056333844430648 stripped
Transform:
  m_CorrespondingSourceObject: {fileID: 6653900174871391142, guid: b3607d85dd3ee39439ee8c51ed3a34d1, type: 3}
  m_PrefabInstance: {fileID: 5734249200761132190}
  m_PrefabAsset: {fileID: 0}
--- !u!1001 &6964868021610576159
PrefabInstance:
  m_ObjectHideFlags: 0
  serializedVersion: 2
  m_Modification:
    m_TransformParent: {fileID: 7099455758493057165}
    m_Modifications:
    - target: {fileID: -8679921383154817045, guid: 330724cefabc1ab4d91834ab4f917614, type: 3}
      propertyPath: m_LocalPosition.x
      value: 0
      objectReference: {fileID: 0}
    - target: {fileID: -8679921383154817045, guid: 330724cefabc1ab4d91834ab4f917614, type: 3}
      propertyPath: m_LocalPosition.y
      value: 0.0096
      objectReference: {fileID: 0}
    - target: {fileID: -8679921383154817045, guid: 330724cefabc1ab4d91834ab4f917614, type: 3}
      propertyPath: m_LocalPosition.z
      value: -0.0499
      objectReference: {fileID: 0}
    - target: {fileID: -8679921383154817045, guid: 330724cefabc1ab4d91834ab4f917614, type: 3}
      propertyPath: m_LocalRotation.x
      value: 0
      objectReference: {fileID: 0}
    - target: {fileID: -8679921383154817045, guid: 330724cefabc1ab4d91834ab4f917614, type: 3}
      propertyPath: m_LocalRotation.y
      value: 0
      objectReference: {fileID: 0}
    - target: {fileID: -8679921383154817045, guid: 330724cefabc1ab4d91834ab4f917614, type: 3}
      propertyPath: m_LocalRotation.z
      value: 0
      objectReference: {fileID: 0}
    - target: {fileID: -8679921383154817045, guid: 330724cefabc1ab4d91834ab4f917614, type: 3}
      propertyPath: m_LocalRotation.w
      value: 1
      objectReference: {fileID: 0}
    - target: {fileID: -8679921383154817045, guid: 330724cefabc1ab4d91834ab4f917614, type: 3}
      propertyPath: m_RootOrder
      value: 0
      objectReference: {fileID: 0}
    - target: {fileID: -8679921383154817045, guid: 330724cefabc1ab4d91834ab4f917614, type: 3}
      propertyPath: m_LocalEulerAnglesHint.x
      value: 0
      objectReference: {fileID: 0}
    - target: {fileID: -8679921383154817045, guid: 330724cefabc1ab4d91834ab4f917614, type: 3}
      propertyPath: m_LocalEulerAnglesHint.y
      value: 0
      objectReference: {fileID: 0}
    - target: {fileID: -8679921383154817045, guid: 330724cefabc1ab4d91834ab4f917614, type: 3}
      propertyPath: m_LocalEulerAnglesHint.z
      value: 0
      objectReference: {fileID: 0}
    - target: {fileID: 919132149155446097, guid: 330724cefabc1ab4d91834ab4f917614, type: 3}
      propertyPath: m_Name
      value: Grid (1)
      objectReference: {fileID: 0}
    m_RemovedComponents: []
  m_SourcePrefab: {fileID: 100100000, guid: 330724cefabc1ab4d91834ab4f917614, type: 3}
--- !u!4 &7431669379566018292 stripped
Transform:
  m_CorrespondingSourceObject: {fileID: -8679921383154817045, guid: 330724cefabc1ab4d91834ab4f917614, type: 3}
  m_PrefabInstance: {fileID: 6964868021610576159}
  m_PrefabAsset: {fileID: 0}
