%YAML 1.1
%TAG !u! tag:unity3d.com,2011:
--- !u!1 &1101267653301948429
GameObject:
  m_ObjectHideFlags: 0
  m_CorrespondingSourceObject: {fileID: 0}
  m_PrefabInstance: {fileID: 0}
  m_PrefabAsset: {fileID: 0}
  serializedVersion: 6
  m_Component:
  - component: {fileID: 1101267653301948428}
  - component: {fileID: 1101267653301948435}
  - component: {fileID: 338403784377886117}
  m_Layer: 0
  m_Name: Hammer
  m_TagString: Untagged
  m_Icon: {fileID: 0}
  m_NavMeshLayer: 0
  m_StaticEditorFlags: 0
  m_IsActive: 1
--- !u!4 &1101267653301948428
Transform:
  m_ObjectHideFlags: 0
  m_CorrespondingSourceObject: {fileID: 0}
  m_PrefabInstance: {fileID: 0}
  m_PrefabAsset: {fileID: 0}
  m_GameObject: {fileID: 1101267653301948429}
  m_LocalRotation: {x: -0, y: -0, z: -0, w: 1}
  m_LocalPosition: {x: 0, y: 1.5647492, z: 0}
  m_LocalScale: {x: 1, y: 1, z: 1}
  m_Children:
  - {fileID: 6008084232001782928}
  - {fileID: 4157217675820804458}
  - {fileID: 4157217675065809309}
  - {fileID: 4157217676003296519}
  - {fileID: 4157217676022869739}
  - {fileID: 4313533804616157725}
  - {fileID: 7601635591991982644}
  m_Father: {fileID: 1101267654301286323}
  m_RootOrder: 1
  m_LocalEulerAnglesHint: {x: 0, y: 0, z: 0}
--- !u!95 &1101267653301948435
Animator:
  serializedVersion: 3
  m_ObjectHideFlags: 0
  m_CorrespondingSourceObject: {fileID: 0}
  m_PrefabInstance: {fileID: 0}
  m_PrefabAsset: {fileID: 0}
  m_GameObject: {fileID: 1101267653301948429}
  m_Enabled: 1
  m_Avatar: {fileID: 0}
  m_Controller: {fileID: 9100000, guid: 32cdc08b7b65c894da06c9173164c517, type: 2}
  m_CullingMode: 0
  m_UpdateMode: 0
  m_ApplyRootMotion: 0
  m_LinearVelocityBlending: 0
  m_WarningMessage: 
  m_HasTransformHierarchy: 1
  m_AllowConstantClipSamplingOptimization: 1
  m_KeepAnimatorControllerStateOnDisable: 0
--- !u!114 &338403784377886117
MonoBehaviour:
  m_ObjectHideFlags: 0
  m_CorrespondingSourceObject: {fileID: 0}
  m_PrefabInstance: {fileID: 0}
  m_PrefabAsset: {fileID: 0}
  m_GameObject: {fileID: 1101267653301948429}
  m_Enabled: 1
  m_EditorHideFlags: 0
  m_Script: {fileID: 11500000, guid: e66568d05faf93747891cbd9de3d819c, type: 3}
  m_Name: 
  m_EditorClassIdentifier: 
--- !u!1 &1101267653502020081
GameObject:
  m_ObjectHideFlags: 0
  m_CorrespondingSourceObject: {fileID: 0}
  m_PrefabInstance: {fileID: 0}
  m_PrefabAsset: {fileID: 0}
  serializedVersion: 6
  m_Component:
  - component: {fileID: 1101267653502020085}
  - component: {fileID: 1101267653502020086}
  - component: {fileID: 1101267653502020087}
  m_Layer: 0
  m_Name: Cylinder (3)
  m_TagString: Untagged
  m_Icon: {fileID: 0}
  m_NavMeshLayer: 0
  m_StaticEditorFlags: 0
  m_IsActive: 1
--- !u!4 &1101267653502020085
Transform:
  m_ObjectHideFlags: 0
  m_CorrespondingSourceObject: {fileID: 0}
  m_PrefabInstance: {fileID: 0}
  m_PrefabAsset: {fileID: 0}
  m_GameObject: {fileID: 1101267653502020081}
  m_LocalRotation: {x: -0, y: -0, z: -0, w: 1}
  m_LocalPosition: {x: -5.288147, y: -10.193, z: 10.278198}
  m_LocalScale: {x: 1.5770329, y: 2.6381707, z: 1.5770365}
  m_Children: []
  m_Father: {fileID: 1101267654804052023}
  m_RootOrder: 5
  m_LocalEulerAnglesHint: {x: 0, y: 0, z: 0}
--- !u!33 &1101267653502020086
MeshFilter:
  m_ObjectHideFlags: 0
  m_CorrespondingSourceObject: {fileID: 0}
  m_PrefabInstance: {fileID: 0}
  m_PrefabAsset: {fileID: 0}
  m_GameObject: {fileID: 1101267653502020081}
  m_Mesh: {fileID: 10206, guid: 0000000000000000e000000000000000, type: 0}
--- !u!23 &1101267653502020087
MeshRenderer:
  m_ObjectHideFlags: 0
  m_CorrespondingSourceObject: {fileID: 0}
  m_PrefabInstance: {fileID: 0}
  m_PrefabAsset: {fileID: 0}
  m_GameObject: {fileID: 1101267653502020081}
  m_Enabled: 1
  m_CastShadows: 1
  m_ReceiveShadows: 1
  m_DynamicOccludee: 1
  m_MotionVectors: 1
  m_LightProbeUsage: 1
  m_ReflectionProbeUsage: 1
  m_RayTracingMode: 2
  m_RayTraceProcedural: 0
  m_RenderingLayerMask: 1
  m_RendererPriority: 0
  m_Materials:
  - {fileID: 2100000, guid: 73c176f402d2c2f4d929aa5da7585d17, type: 2}
  m_StaticBatchInfo:
    firstSubMesh: 0
    subMeshCount: 0
  m_StaticBatchRoot: {fileID: 0}
  m_ProbeAnchor: {fileID: 0}
  m_LightProbeVolumeOverride: {fileID: 0}
  m_ScaleInLightmap: 1
  m_ReceiveGI: 1
  m_PreserveUVs: 0
  m_IgnoreNormalsForChartDetection: 0
  m_ImportantGI: 0
  m_StitchLightmapSeams: 1
  m_SelectedEditorRenderState: 3
  m_MinimumChartSize: 4
  m_AutoUVMaxDistance: 0.5
  m_AutoUVMaxAngle: 89
  m_LightmapParameters: {fileID: 0}
  m_SortingLayerID: 0
  m_SortingLayer: 0
  m_SortingOrder: 0
  m_AdditionalVertexStreams: {fileID: 0}
--- !u!1 &1101267653663201777
GameObject:
  m_ObjectHideFlags: 0
  m_CorrespondingSourceObject: {fileID: 0}
  m_PrefabInstance: {fileID: 0}
  m_PrefabAsset: {fileID: 0}
  serializedVersion: 6
  m_Component:
  - component: {fileID: 1101267653663201781}
  - component: {fileID: 1101267653663201782}
  - component: {fileID: 1101267653663201783}
  - component: {fileID: 1101267653663201776}
  m_Layer: 0
  m_Name: Cylinder (4)
  m_TagString: Untagged
  m_Icon: {fileID: 0}
  m_NavMeshLayer: 0
  m_StaticEditorFlags: 0
  m_IsActive: 1
--- !u!4 &1101267653663201781
Transform:
  m_ObjectHideFlags: 0
  m_CorrespondingSourceObject: {fileID: 0}
  m_PrefabInstance: {fileID: 0}
  m_PrefabAsset: {fileID: 0}
  m_GameObject: {fileID: 1101267653663201777}
  m_LocalRotation: {x: -0, y: -0, z: -0, w: 1}
  m_LocalPosition: {x: -1.038147, y: -0.08732784, z: 6.2781987}
  m_LocalScale: {x: 1.5770329, y: 1.5321717, z: 1.5770329}
  m_Children: []
  m_Father: {fileID: 1101267654804052023}
  m_RootOrder: 6
  m_LocalEulerAnglesHint: {x: 0, y: 0, z: 0}
--- !u!33 &1101267653663201782
MeshFilter:
  m_ObjectHideFlags: 0
  m_CorrespondingSourceObject: {fileID: 0}
  m_PrefabInstance: {fileID: 0}
  m_PrefabAsset: {fileID: 0}
  m_GameObject: {fileID: 1101267653663201777}
  m_Mesh: {fileID: 10206, guid: 0000000000000000e000000000000000, type: 0}
--- !u!23 &1101267653663201783
MeshRenderer:
  m_ObjectHideFlags: 0
  m_CorrespondingSourceObject: {fileID: 0}
  m_PrefabInstance: {fileID: 0}
  m_PrefabAsset: {fileID: 0}
  m_GameObject: {fileID: 1101267653663201777}
  m_Enabled: 1
  m_CastShadows: 1
  m_ReceiveShadows: 1
  m_DynamicOccludee: 1
  m_MotionVectors: 1
  m_LightProbeUsage: 1
  m_ReflectionProbeUsage: 1
  m_RayTracingMode: 2
  m_RayTraceProcedural: 0
  m_RenderingLayerMask: 1
  m_RendererPriority: 0
  m_Materials:
  - {fileID: 2100000, guid: 73c176f402d2c2f4d929aa5da7585d17, type: 2}
  m_StaticBatchInfo:
    firstSubMesh: 0
    subMeshCount: 0
  m_StaticBatchRoot: {fileID: 0}
  m_ProbeAnchor: {fileID: 0}
  m_LightProbeVolumeOverride: {fileID: 0}
  m_ScaleInLightmap: 1
  m_ReceiveGI: 1
  m_PreserveUVs: 0
  m_IgnoreNormalsForChartDetection: 0
  m_ImportantGI: 0
  m_StitchLightmapSeams: 1
  m_SelectedEditorRenderState: 3
  m_MinimumChartSize: 4
  m_AutoUVMaxDistance: 0.5
  m_AutoUVMaxAngle: 89
  m_LightmapParameters: {fileID: 0}
  m_SortingLayerID: 0
  m_SortingLayer: 0
  m_SortingOrder: 0
  m_AdditionalVertexStreams: {fileID: 0}
--- !u!136 &1101267653663201776
CapsuleCollider:
  m_ObjectHideFlags: 0
  m_CorrespondingSourceObject: {fileID: 0}
  m_PrefabInstance: {fileID: 0}
  m_PrefabAsset: {fileID: 0}
  m_GameObject: {fileID: 1101267653663201777}
  m_Material: {fileID: 0}
  m_IsTrigger: 0
  m_Enabled: 1
  m_Radius: 0.5000001
  m_Height: 2
  m_Direction: 1
  m_Center: {x: 0.000000059604645, y: 0, z: -0.00000008940697}
--- !u!1 &1101267653958733779
GameObject:
  m_ObjectHideFlags: 0
  m_CorrespondingSourceObject: {fileID: 0}
  m_PrefabInstance: {fileID: 0}
  m_PrefabAsset: {fileID: 0}
  serializedVersion: 6
  m_Component:
  - component: {fileID: 1101267653958733783}
  - component: {fileID: 1101267653958733776}
  - component: {fileID: 1101267653958733777}
  - component: {fileID: 1101267653958733778}
  m_Layer: 0
  m_Name: Cylinder (5)
  m_TagString: Untagged
  m_Icon: {fileID: 0}
  m_NavMeshLayer: 0
  m_StaticEditorFlags: 0
  m_IsActive: 1
--- !u!4 &1101267653958733783
Transform:
  m_ObjectHideFlags: 0
  m_CorrespondingSourceObject: {fileID: 0}
  m_PrefabInstance: {fileID: 0}
  m_PrefabAsset: {fileID: 0}
  m_GameObject: {fileID: 1101267653958733779}
  m_LocalRotation: {x: -0, y: -0, z: -0, w: 1}
  m_LocalPosition: {x: -5.288147, y: -0.08732784, z: 6.2781987}
  m_LocalScale: {x: 1.5770329, y: 1.5321717, z: 1.5770329}
  m_Children: []
  m_Father: {fileID: 1101267654804052023}
  m_RootOrder: 8
  m_LocalEulerAnglesHint: {x: 0, y: 0, z: 0}
--- !u!33 &1101267653958733776
MeshFilter:
  m_ObjectHideFlags: 0
  m_CorrespondingSourceObject: {fileID: 0}
  m_PrefabInstance: {fileID: 0}
  m_PrefabAsset: {fileID: 0}
  m_GameObject: {fileID: 1101267653958733779}
  m_Mesh: {fileID: 10206, guid: 0000000000000000e000000000000000, type: 0}
--- !u!23 &1101267653958733777
MeshRenderer:
  m_ObjectHideFlags: 0
  m_CorrespondingSourceObject: {fileID: 0}
  m_PrefabInstance: {fileID: 0}
  m_PrefabAsset: {fileID: 0}
  m_GameObject: {fileID: 1101267653958733779}
  m_Enabled: 1
  m_CastShadows: 1
  m_ReceiveShadows: 1
  m_DynamicOccludee: 1
  m_MotionVectors: 1
  m_LightProbeUsage: 1
  m_ReflectionProbeUsage: 1
  m_RayTracingMode: 2
  m_RayTraceProcedural: 0
  m_RenderingLayerMask: 1
  m_RendererPriority: 0
  m_Materials:
  - {fileID: 2100000, guid: 73c176f402d2c2f4d929aa5da7585d17, type: 2}
  m_StaticBatchInfo:
    firstSubMesh: 0
    subMeshCount: 0
  m_StaticBatchRoot: {fileID: 0}
  m_ProbeAnchor: {fileID: 0}
  m_LightProbeVolumeOverride: {fileID: 0}
  m_ScaleInLightmap: 1
  m_ReceiveGI: 1
  m_PreserveUVs: 0
  m_IgnoreNormalsForChartDetection: 0
  m_ImportantGI: 0
  m_StitchLightmapSeams: 1
  m_SelectedEditorRenderState: 3
  m_MinimumChartSize: 4
  m_AutoUVMaxDistance: 0.5
  m_AutoUVMaxAngle: 89
  m_LightmapParameters: {fileID: 0}
  m_SortingLayerID: 0
  m_SortingLayer: 0
  m_SortingOrder: 0
  m_AdditionalVertexStreams: {fileID: 0}
--- !u!136 &1101267653958733778
CapsuleCollider:
  m_ObjectHideFlags: 0
  m_CorrespondingSourceObject: {fileID: 0}
  m_PrefabInstance: {fileID: 0}
  m_PrefabAsset: {fileID: 0}
  m_GameObject: {fileID: 1101267653958733779}
  m_Material: {fileID: 0}
  m_IsTrigger: 0
  m_Enabled: 1
  m_Radius: 0.5000001
  m_Height: 2
  m_Direction: 1
  m_Center: {x: 0.000000059604645, y: 0, z: -0.00000008940697}
--- !u!1 &1101267654108052755
GameObject:
  m_ObjectHideFlags: 0
  m_CorrespondingSourceObject: {fileID: 0}
  m_PrefabInstance: {fileID: 0}
  m_PrefabAsset: {fileID: 0}
  serializedVersion: 6
  m_Component:
  - component: {fileID: 1101267654108052759}
  - component: {fileID: 1101267654108052752}
  - component: {fileID: 1101267654108052753}
  m_Layer: 0
  m_Name: Cylinder
  m_TagString: Untagged
  m_Icon: {fileID: 0}
  m_NavMeshLayer: 0
  m_StaticEditorFlags: 0
  m_IsActive: 1
--- !u!4 &1101267654108052759
Transform:
  m_ObjectHideFlags: 0
  m_CorrespondingSourceObject: {fileID: 0}
  m_PrefabInstance: {fileID: 0}
  m_PrefabAsset: {fileID: 0}
  m_GameObject: {fileID: 1101267654108052755}
  m_LocalRotation: {x: -0, y: -0, z: -0, w: 1}
  m_LocalPosition: {x: -1.038147, y: -10.197, z: 6.2781987}
  m_LocalScale: {x: 1.5770329, y: 2.6417334, z: 1.5770336}
  m_Children: []
  m_Father: {fileID: 1101267654804052023}
  m_RootOrder: 0
  m_LocalEulerAnglesHint: {x: 0, y: 0, z: 0}
--- !u!33 &1101267654108052752
MeshFilter:
  m_ObjectHideFlags: 0
  m_CorrespondingSourceObject: {fileID: 0}
  m_PrefabInstance: {fileID: 0}
  m_PrefabAsset: {fileID: 0}
  m_GameObject: {fileID: 1101267654108052755}
  m_Mesh: {fileID: 10206, guid: 0000000000000000e000000000000000, type: 0}
--- !u!23 &1101267654108052753
MeshRenderer:
  m_ObjectHideFlags: 0
  m_CorrespondingSourceObject: {fileID: 0}
  m_PrefabInstance: {fileID: 0}
  m_PrefabAsset: {fileID: 0}
  m_GameObject: {fileID: 1101267654108052755}
  m_Enabled: 1
  m_CastShadows: 1
  m_ReceiveShadows: 1
  m_DynamicOccludee: 1
  m_MotionVectors: 1
  m_LightProbeUsage: 1
  m_ReflectionProbeUsage: 1
  m_RayTracingMode: 2
  m_RayTraceProcedural: 0
  m_RenderingLayerMask: 1
  m_RendererPriority: 0
  m_Materials:
  - {fileID: 2100000, guid: 73c176f402d2c2f4d929aa5da7585d17, type: 2}
  m_StaticBatchInfo:
    firstSubMesh: 0
    subMeshCount: 0
  m_StaticBatchRoot: {fileID: 0}
  m_ProbeAnchor: {fileID: 0}
  m_LightProbeVolumeOverride: {fileID: 0}
  m_ScaleInLightmap: 1
  m_ReceiveGI: 1
  m_PreserveUVs: 0
  m_IgnoreNormalsForChartDetection: 0
  m_ImportantGI: 0
  m_StitchLightmapSeams: 1
  m_SelectedEditorRenderState: 3
  m_MinimumChartSize: 4
  m_AutoUVMaxDistance: 0.5
  m_AutoUVMaxAngle: 89
  m_LightmapParameters: {fileID: 0}
  m_SortingLayerID: 0
  m_SortingLayer: 0
  m_SortingOrder: 0
  m_AdditionalVertexStreams: {fileID: 0}
--- !u!1 &1101267654301286316
GameObject:
  m_ObjectHideFlags: 0
  m_CorrespondingSourceObject: {fileID: 0}
  m_PrefabInstance: {fileID: 0}
  m_PrefabAsset: {fileID: 0}
  serializedVersion: 6
  m_Component:
  - component: {fileID: 1101267654301286323}
  m_Layer: 0
  m_Name: HammerMachine
  m_TagString: Untagged
  m_Icon: {fileID: 0}
  m_NavMeshLayer: 0
  m_StaticEditorFlags: 0
  m_IsActive: 1
--- !u!4 &1101267654301286323
Transform:
  m_ObjectHideFlags: 0
  m_CorrespondingSourceObject: {fileID: 0}
  m_PrefabInstance: {fileID: 0}
  m_PrefabAsset: {fileID: 0}
  m_GameObject: {fileID: 1101267654301286316}
  m_LocalRotation: {x: 0, y: 0, z: 0, w: 1}
  m_LocalPosition: {x: -295.33, y: 0.57745504, z: 2.528111}
  m_LocalScale: {x: 1.75747, y: 1.75747, z: 1.75747}
  m_Children:
  - {fileID: 1101267654804052023}
  - {fileID: 1101267653301948428}
  - {fileID: 6008084230441621991}
  m_Father: {fileID: 0}
  m_RootOrder: 0
  m_LocalEulerAnglesHint: {x: 0, y: 0, z: 0}
--- !u!1 &1101267654393763607
GameObject:
  m_ObjectHideFlags: 0
  m_CorrespondingSourceObject: {fileID: 0}
  m_PrefabInstance: {fileID: 0}
  m_PrefabAsset: {fileID: 0}
  serializedVersion: 6
  m_Component:
  - component: {fileID: 1101267654393763611}
  - component: {fileID: 1101267654393763604}
  - component: {fileID: 1101267654393763605}
  m_Layer: 0
  m_Name: Cylinder (1)
  m_TagString: Untagged
  m_Icon: {fileID: 0}
  m_NavMeshLayer: 0
  m_StaticEditorFlags: 0
  m_IsActive: 1
--- !u!4 &1101267654393763611
Transform:
  m_ObjectHideFlags: 0
  m_CorrespondingSourceObject: {fileID: 0}
  m_PrefabInstance: {fileID: 0}
  m_PrefabAsset: {fileID: 0}
  m_GameObject: {fileID: 1101267654393763607}
  m_LocalRotation: {x: -0, y: -0, z: -0, w: 1}
  m_LocalPosition: {x: -5.288147, y: -10.197, z: 6.2781987}
  m_LocalScale: {x: 1.5770329, y: 2.6417334, z: 1.5770336}
  m_Children: []
  m_Father: {fileID: 1101267654804052023}
  m_RootOrder: 2
  m_LocalEulerAnglesHint: {x: 0, y: 0, z: 0}
--- !u!33 &1101267654393763604
MeshFilter:
  m_ObjectHideFlags: 0
  m_CorrespondingSourceObject: {fileID: 0}
  m_PrefabInstance: {fileID: 0}
  m_PrefabAsset: {fileID: 0}
  m_GameObject: {fileID: 1101267654393763607}
  m_Mesh: {fileID: 10206, guid: 0000000000000000e000000000000000, type: 0}
--- !u!23 &1101267654393763605
MeshRenderer:
  m_ObjectHideFlags: 0
  m_CorrespondingSourceObject: {fileID: 0}
  m_PrefabInstance: {fileID: 0}
  m_PrefabAsset: {fileID: 0}
  m_GameObject: {fileID: 1101267654393763607}
  m_Enabled: 1
  m_CastShadows: 1
  m_ReceiveShadows: 1
  m_DynamicOccludee: 1
  m_MotionVectors: 1
  m_LightProbeUsage: 1
  m_ReflectionProbeUsage: 1
  m_RayTracingMode: 2
  m_RayTraceProcedural: 0
  m_RenderingLayerMask: 1
  m_RendererPriority: 0
  m_Materials:
  - {fileID: 2100000, guid: 73c176f402d2c2f4d929aa5da7585d17, type: 2}
  m_StaticBatchInfo:
    firstSubMesh: 0
    subMeshCount: 0
  m_StaticBatchRoot: {fileID: 0}
  m_ProbeAnchor: {fileID: 0}
  m_LightProbeVolumeOverride: {fileID: 0}
  m_ScaleInLightmap: 1
  m_ReceiveGI: 1
  m_PreserveUVs: 0
  m_IgnoreNormalsForChartDetection: 0
  m_ImportantGI: 0
  m_StitchLightmapSeams: 1
  m_SelectedEditorRenderState: 3
  m_MinimumChartSize: 4
  m_AutoUVMaxDistance: 0.5
  m_AutoUVMaxAngle: 89
  m_LightmapParameters: {fileID: 0}
  m_SortingLayerID: 0
  m_SortingLayer: 0
  m_SortingOrder: 0
  m_AdditionalVertexStreams: {fileID: 0}
--- !u!1 &1101267654665786582
GameObject:
  m_ObjectHideFlags: 0
  m_CorrespondingSourceObject: {fileID: 0}
  m_PrefabInstance: {fileID: 0}
  m_PrefabAsset: {fileID: 0}
  serializedVersion: 6
  m_Component:
  - component: {fileID: 1101267654665786586}
  - component: {fileID: 1101267654665786587}
  - component: {fileID: 1101267654665786580}
  - component: {fileID: 1101267654665786581}
  m_Layer: 0
  m_Name: Cylinder (6)
  m_TagString: Untagged
  m_Icon: {fileID: 0}
  m_NavMeshLayer: 0
  m_StaticEditorFlags: 0
  m_IsActive: 1
--- !u!4 &1101267654665786586
Transform:
  m_ObjectHideFlags: 0
  m_CorrespondingSourceObject: {fileID: 0}
  m_PrefabInstance: {fileID: 0}
  m_PrefabAsset: {fileID: 0}
  m_GameObject: {fileID: 1101267654665786582}
  m_LocalRotation: {x: -0, y: -0, z: -0, w: 1}
  m_LocalPosition: {x: -1.038147, y: -0.08732784, z: 10.278198}
  m_LocalScale: {x: 1.5770329, y: 1.5321717, z: 1.5770329}
  m_Children: []
  m_Father: {fileID: 1101267654804052023}
  m_RootOrder: 10
  m_LocalEulerAnglesHint: {x: 0, y: 0, z: 0}
--- !u!33 &1101267654665786587
MeshFilter:
  m_ObjectHideFlags: 0
  m_CorrespondingSourceObject: {fileID: 0}
  m_PrefabInstance: {fileID: 0}
  m_PrefabAsset: {fileID: 0}
  m_GameObject: {fileID: 1101267654665786582}
  m_Mesh: {fileID: 10206, guid: 0000000000000000e000000000000000, type: 0}
--- !u!23 &1101267654665786580
MeshRenderer:
  m_ObjectHideFlags: 0
  m_CorrespondingSourceObject: {fileID: 0}
  m_PrefabInstance: {fileID: 0}
  m_PrefabAsset: {fileID: 0}
  m_GameObject: {fileID: 1101267654665786582}
  m_Enabled: 1
  m_CastShadows: 1
  m_ReceiveShadows: 1
  m_DynamicOccludee: 1
  m_MotionVectors: 1
  m_LightProbeUsage: 1
  m_ReflectionProbeUsage: 1
  m_RayTracingMode: 2
  m_RayTraceProcedural: 0
  m_RenderingLayerMask: 1
  m_RendererPriority: 0
  m_Materials:
  - {fileID: 2100000, guid: 73c176f402d2c2f4d929aa5da7585d17, type: 2}
  m_StaticBatchInfo:
    firstSubMesh: 0
    subMeshCount: 0
  m_StaticBatchRoot: {fileID: 0}
  m_ProbeAnchor: {fileID: 0}
  m_LightProbeVolumeOverride: {fileID: 0}
  m_ScaleInLightmap: 1
  m_ReceiveGI: 1
  m_PreserveUVs: 0
  m_IgnoreNormalsForChartDetection: 0
  m_ImportantGI: 0
  m_StitchLightmapSeams: 1
  m_SelectedEditorRenderState: 3
  m_MinimumChartSize: 4
  m_AutoUVMaxDistance: 0.5
  m_AutoUVMaxAngle: 89
  m_LightmapParameters: {fileID: 0}
  m_SortingLayerID: 0
  m_SortingLayer: 0
  m_SortingOrder: 0
  m_AdditionalVertexStreams: {fileID: 0}
--- !u!136 &1101267654665786581
CapsuleCollider:
  m_ObjectHideFlags: 0
  m_CorrespondingSourceObject: {fileID: 0}
  m_PrefabInstance: {fileID: 0}
  m_PrefabAsset: {fileID: 0}
  m_GameObject: {fileID: 1101267654665786582}
  m_Material: {fileID: 0}
  m_IsTrigger: 0
  m_Enabled: 1
  m_Radius: 0.5000001
  m_Height: 2
  m_Direction: 1
  m_Center: {x: 0.000000059604645, y: 0, z: -0.00000008940697}
--- !u!1 &1101267654677739898
GameObject:
  m_ObjectHideFlags: 0
  m_CorrespondingSourceObject: {fileID: 0}
  m_PrefabInstance: {fileID: 0}
  m_PrefabAsset: {fileID: 0}
  serializedVersion: 6
  m_Component:
  - component: {fileID: 1101267654677739902}
  - component: {fileID: 1101267654677739903}
  - component: {fileID: 1101267654677739896}
  - component: {fileID: 1101267654677739897}
  m_Layer: 0
  m_Name: Cylinder (7)
  m_TagString: Untagged
  m_Icon: {fileID: 0}
  m_NavMeshLayer: 0
  m_StaticEditorFlags: 0
  m_IsActive: 1
--- !u!4 &1101267654677739902
Transform:
  m_ObjectHideFlags: 0
  m_CorrespondingSourceObject: {fileID: 0}
  m_PrefabInstance: {fileID: 0}
  m_PrefabAsset: {fileID: 0}
  m_GameObject: {fileID: 1101267654677739898}
  m_LocalRotation: {x: -0, y: -0, z: -0, w: 1}
  m_LocalPosition: {x: -5.288147, y: -0.08732784, z: 10.278198}
  m_LocalScale: {x: 1.5770329, y: 1.5321717, z: 1.5770329}
  m_Children: []
  m_Father: {fileID: 1101267654804052023}
  m_RootOrder: 9
  m_LocalEulerAnglesHint: {x: 0, y: 0, z: 0}
--- !u!33 &1101267654677739903
MeshFilter:
  m_ObjectHideFlags: 0
  m_CorrespondingSourceObject: {fileID: 0}
  m_PrefabInstance: {fileID: 0}
  m_PrefabAsset: {fileID: 0}
  m_GameObject: {fileID: 1101267654677739898}
  m_Mesh: {fileID: 10206, guid: 0000000000000000e000000000000000, type: 0}
--- !u!23 &1101267654677739896
MeshRenderer:
  m_ObjectHideFlags: 0
  m_CorrespondingSourceObject: {fileID: 0}
  m_PrefabInstance: {fileID: 0}
  m_PrefabAsset: {fileID: 0}
  m_GameObject: {fileID: 1101267654677739898}
  m_Enabled: 1
  m_CastShadows: 1
  m_ReceiveShadows: 1
  m_DynamicOccludee: 1
  m_MotionVectors: 1
  m_LightProbeUsage: 1
  m_ReflectionProbeUsage: 1
  m_RayTracingMode: 2
  m_RayTraceProcedural: 0
  m_RenderingLayerMask: 1
  m_RendererPriority: 0
  m_Materials:
  - {fileID: 2100000, guid: 73c176f402d2c2f4d929aa5da7585d17, type: 2}
  m_StaticBatchInfo:
    firstSubMesh: 0
    subMeshCount: 0
  m_StaticBatchRoot: {fileID: 0}
  m_ProbeAnchor: {fileID: 0}
  m_LightProbeVolumeOverride: {fileID: 0}
  m_ScaleInLightmap: 1
  m_ReceiveGI: 1
  m_PreserveUVs: 0
  m_IgnoreNormalsForChartDetection: 0
  m_ImportantGI: 0
  m_StitchLightmapSeams: 1
  m_SelectedEditorRenderState: 3
  m_MinimumChartSize: 4
  m_AutoUVMaxDistance: 0.5
  m_AutoUVMaxAngle: 89
  m_LightmapParameters: {fileID: 0}
  m_SortingLayerID: 0
  m_SortingLayer: 0
  m_SortingOrder: 0
  m_AdditionalVertexStreams: {fileID: 0}
--- !u!136 &1101267654677739897
CapsuleCollider:
  m_ObjectHideFlags: 0
  m_CorrespondingSourceObject: {fileID: 0}
  m_PrefabInstance: {fileID: 0}
  m_PrefabAsset: {fileID: 0}
  m_GameObject: {fileID: 1101267654677739898}
  m_Material: {fileID: 0}
  m_IsTrigger: 0
  m_Enabled: 1
  m_Radius: 0.5000001
  m_Height: 2
  m_Direction: 1
  m_Center: {x: 0.000000059604645, y: 0, z: -0.00000008940697}
--- !u!1 &1101267654804052016
GameObject:
  m_ObjectHideFlags: 0
  m_CorrespondingSourceObject: {fileID: 0}
  m_PrefabInstance: {fileID: 0}
  m_PrefabAsset: {fileID: 0}
  serializedVersion: 6
  m_Component:
  - component: {fileID: 1101267654804052023}
  m_Layer: 0
  m_Name: GameObject (1)
  m_TagString: Untagged
  m_Icon: {fileID: 0}
  m_NavMeshLayer: 0
  m_StaticEditorFlags: 0
  m_IsActive: 1
--- !u!4 &1101267654804052023
Transform:
  m_ObjectHideFlags: 0
  m_CorrespondingSourceObject: {fileID: 0}
  m_PrefabInstance: {fileID: 0}
  m_PrefabAsset: {fileID: 0}
  m_GameObject: {fileID: 1101267654804052016}
  m_LocalRotation: {x: -0, y: -0, z: -0, w: 1}
  m_LocalPosition: {x: 3.1038513, y: 4.7482333, z: -8.352311}
  m_LocalScale: {x: 1, y: 1, z: 1}
  m_Children:
  - {fileID: 1101267654108052759}
  - {fileID: 1569685973152868849}
  - {fileID: 1101267654393763611}
  - {fileID: 1101267655085775956}
  - {fileID: 1569685972064955063}
  - {fileID: 1101267653502020085}
  - {fileID: 1101267653663201781}
  - {fileID: 1569685971657268289}
  - {fileID: 1101267653958733783}
  - {fileID: 1101267654677739902}
  - {fileID: 1101267654665786586}
  - {fileID: 1569685971738521820}
  m_Father: {fileID: 1101267654301286323}
  m_RootOrder: 0
  m_LocalEulerAnglesHint: {x: 0, y: 0, z: 0}
--- !u!1 &1101267655085775952
GameObject:
  m_ObjectHideFlags: 0
  m_CorrespondingSourceObject: {fileID: 0}
  m_PrefabInstance: {fileID: 0}
  m_PrefabAsset: {fileID: 0}
  serializedVersion: 6
  m_Component:
  - component: {fileID: 1101267655085775956}
  - component: {fileID: 1101267655085775957}
  - component: {fileID: 1101267655085775958}
  m_Layer: 0
  m_Name: Cylinder (2)
  m_TagString: Untagged
  m_Icon: {fileID: 0}
  m_NavMeshLayer: 0
  m_StaticEditorFlags: 0
  m_IsActive: 1
--- !u!4 &1101267655085775956
Transform:
  m_ObjectHideFlags: 0
  m_CorrespondingSourceObject: {fileID: 0}
  m_PrefabInstance: {fileID: 0}
  m_PrefabAsset: {fileID: 0}
  m_GameObject: {fileID: 1101267655085775952}
  m_LocalRotation: {x: -0, y: -0, z: -0, w: 1}
  m_LocalPosition: {x: -1.038147, y: -10.193, z: 10.278198}
  m_LocalScale: {x: 1.5770329, y: 2.6381707, z: 1.5770365}
  m_Children: []
  m_Father: {fileID: 1101267654804052023}
  m_RootOrder: 3
  m_LocalEulerAnglesHint: {x: 0, y: 0, z: 0}
--- !u!33 &1101267655085775957
MeshFilter:
  m_ObjectHideFlags: 0
  m_CorrespondingSourceObject: {fileID: 0}
  m_PrefabInstance: {fileID: 0}
  m_PrefabAsset: {fileID: 0}
  m_GameObject: {fileID: 1101267655085775952}
  m_Mesh: {fileID: 10206, guid: 0000000000000000e000000000000000, type: 0}
--- !u!23 &1101267655085775958
MeshRenderer:
  m_ObjectHideFlags: 0
  m_CorrespondingSourceObject: {fileID: 0}
  m_PrefabInstance: {fileID: 0}
  m_PrefabAsset: {fileID: 0}
  m_GameObject: {fileID: 1101267655085775952}
  m_Enabled: 1
  m_CastShadows: 1
  m_ReceiveShadows: 1
  m_DynamicOccludee: 1
  m_MotionVectors: 1
  m_LightProbeUsage: 1
  m_ReflectionProbeUsage: 1
  m_RayTracingMode: 2
  m_RayTraceProcedural: 0
  m_RenderingLayerMask: 1
  m_RendererPriority: 0
  m_Materials:
  - {fileID: 2100000, guid: 73c176f402d2c2f4d929aa5da7585d17, type: 2}
  m_StaticBatchInfo:
    firstSubMesh: 0
    subMeshCount: 0
  m_StaticBatchRoot: {fileID: 0}
  m_ProbeAnchor: {fileID: 0}
  m_LightProbeVolumeOverride: {fileID: 0}
  m_ScaleInLightmap: 1
  m_ReceiveGI: 1
  m_PreserveUVs: 0
  m_IgnoreNormalsForChartDetection: 0
  m_ImportantGI: 0
  m_StitchLightmapSeams: 1
  m_SelectedEditorRenderState: 3
  m_MinimumChartSize: 4
  m_AutoUVMaxDistance: 0.5
  m_AutoUVMaxAngle: 89
  m_LightmapParameters: {fileID: 0}
  m_SortingLayerID: 0
  m_SortingLayer: 0
  m_SortingOrder: 0
  m_AdditionalVertexStreams: {fileID: 0}
--- !u!1001 &1101267653125361818
PrefabInstance:
  m_ObjectHideFlags: 0
  serializedVersion: 2
  m_Modification:
    m_TransformParent: {fileID: 1101267654804052023}
    m_Modifications:
    - target: {fileID: 1282128032337860193, guid: 99cf5d1e6d3409042bc094f8d6a599cc, type: 3}
      propertyPath: m_Name
      value: Pipe1 (3)
      objectReference: {fileID: 0}
    - target: {fileID: 1909763786422734043, guid: 99cf5d1e6d3409042bc094f8d6a599cc, type: 3}
      propertyPath: m_LocalPosition.x
      value: -2.4961853
      objectReference: {fileID: 0}
    - target: {fileID: 1909763786422734043, guid: 99cf5d1e6d3409042bc094f8d6a599cc, type: 3}
      propertyPath: m_LocalPosition.y
      value: -13.429488
      objectReference: {fileID: 0}
    - target: {fileID: 1909763786422734043, guid: 99cf5d1e6d3409042bc094f8d6a599cc, type: 3}
      propertyPath: m_LocalPosition.z
      value: 10.361183
      objectReference: {fileID: 0}
    - target: {fileID: 1909763786422734043, guid: 99cf5d1e6d3409042bc094f8d6a599cc, type: 3}
      propertyPath: m_LocalRotation.x
      value: -0.4999993
      objectReference: {fileID: 0}
    - target: {fileID: 1909763786422734043, guid: 99cf5d1e6d3409042bc094f8d6a599cc, type: 3}
      propertyPath: m_LocalRotation.y
      value: 0.5000007
      objectReference: {fileID: 0}
    - target: {fileID: 1909763786422734043, guid: 99cf5d1e6d3409042bc094f8d6a599cc, type: 3}
      propertyPath: m_LocalRotation.z
      value: 0.4999993
      objectReference: {fileID: 0}
    - target: {fileID: 1909763786422734043, guid: 99cf5d1e6d3409042bc094f8d6a599cc, type: 3}
      propertyPath: m_LocalRotation.w
      value: 0.5000007
      objectReference: {fileID: 0}
    - target: {fileID: 1909763786422734043, guid: 99cf5d1e6d3409042bc094f8d6a599cc, type: 3}
      propertyPath: m_RootOrder
      value: 7
      objectReference: {fileID: 0}
    - target: {fileID: 1909763786422734043, guid: 99cf5d1e6d3409042bc094f8d6a599cc, type: 3}
      propertyPath: m_LocalEulerAnglesHint.x
      value: -90
      objectReference: {fileID: 0}
    - target: {fileID: 1909763786422734043, guid: 99cf5d1e6d3409042bc094f8d6a599cc, type: 3}
      propertyPath: m_LocalEulerAnglesHint.y
      value: 0
      objectReference: {fileID: 0}
    - target: {fileID: 1909763786422734043, guid: 99cf5d1e6d3409042bc094f8d6a599cc, type: 3}
      propertyPath: m_LocalEulerAnglesHint.z
      value: 90
      objectReference: {fileID: 0}
    - target: {fileID: 1909763786422734043, guid: 99cf5d1e6d3409042bc094f8d6a599cc, type: 3}
      propertyPath: m_LocalScale.z
      value: 137.37047
      objectReference: {fileID: 0}
    - target: {fileID: 1909763786422734043, guid: 99cf5d1e6d3409042bc094f8d6a599cc, type: 3}
      propertyPath: m_LocalScale.x
      value: 50.882
      objectReference: {fileID: 0}
    - target: {fileID: 1909763786422734043, guid: 99cf5d1e6d3409042bc094f8d6a599cc, type: 3}
      propertyPath: m_LocalScale.y
      value: 50.882
      objectReference: {fileID: 0}
    m_RemovedComponents: []
  m_SourcePrefab: {fileID: 100100000, guid: 99cf5d1e6d3409042bc094f8d6a599cc, type: 3}
--- !u!4 &1569685971657268289 stripped
Transform:
  m_CorrespondingSourceObject: {fileID: 1909763786422734043, guid: 99cf5d1e6d3409042bc094f8d6a599cc, type: 3}
  m_PrefabInstance: {fileID: 1101267653125361818}
  m_PrefabAsset: {fileID: 0}
--- !u!1001 &1101267653275525234
PrefabInstance:
  m_ObjectHideFlags: 0
  serializedVersion: 2
  m_Modification:
    m_TransformParent: {fileID: 1101267653301948428}
    m_Modifications:
    - target: {fileID: 3961226396601711087, guid: 2f3fe3388c1564a49ad725f00da1edaf, type: 3}
      propertyPath: m_LocalPosition.x
      value: 2.0365376
      objectReference: {fileID: 0}
    - target: {fileID: 3961226396601711087, guid: 2f3fe3388c1564a49ad725f00da1edaf, type: 3}
      propertyPath: m_LocalPosition.y
      value: 0.01444757
      objectReference: {fileID: 0}
    - target: {fileID: 3961226396601711087, guid: 2f3fe3388c1564a49ad725f00da1edaf, type: 3}
      propertyPath: m_LocalPosition.z
      value: -2.065909
      objectReference: {fileID: 0}
    - target: {fileID: 3961226396601711087, guid: 2f3fe3388c1564a49ad725f00da1edaf, type: 3}
      propertyPath: m_LocalRotation.x
      value: -0.4999993
      objectReference: {fileID: 0}
    - target: {fileID: 3961226396601711087, guid: 2f3fe3388c1564a49ad725f00da1edaf, type: 3}
      propertyPath: m_LocalRotation.y
      value: 0.5000007
      objectReference: {fileID: 0}
    - target: {fileID: 3961226396601711087, guid: 2f3fe3388c1564a49ad725f00da1edaf, type: 3}
      propertyPath: m_LocalRotation.z
      value: 0.4999993
      objectReference: {fileID: 0}
    - target: {fileID: 3961226396601711087, guid: 2f3fe3388c1564a49ad725f00da1edaf, type: 3}
      propertyPath: m_LocalRotation.w
      value: 0.5000007
      objectReference: {fileID: 0}
    - target: {fileID: 3961226396601711087, guid: 2f3fe3388c1564a49ad725f00da1edaf, type: 3}
      propertyPath: m_RootOrder
      value: 2
      objectReference: {fileID: 0}
    - target: {fileID: 3961226396601711087, guid: 2f3fe3388c1564a49ad725f00da1edaf, type: 3}
      propertyPath: m_LocalEulerAnglesHint.x
      value: -90
      objectReference: {fileID: 0}
    - target: {fileID: 3961226396601711087, guid: 2f3fe3388c1564a49ad725f00da1edaf, type: 3}
      propertyPath: m_LocalEulerAnglesHint.y
      value: 0
      objectReference: {fileID: 0}
    - target: {fileID: 3961226396601711087, guid: 2f3fe3388c1564a49ad725f00da1edaf, type: 3}
      propertyPath: m_LocalEulerAnglesHint.z
      value: 90
      objectReference: {fileID: 0}
    - target: {fileID: 3961226396601711087, guid: 2f3fe3388c1564a49ad725f00da1edaf, type: 3}
      propertyPath: m_LocalScale.x
      value: 62.309998
      objectReference: {fileID: 0}
    - target: {fileID: 3961226396601711087, guid: 2f3fe3388c1564a49ad725f00da1edaf, type: 3}
      propertyPath: m_LocalScale.y
      value: 62.309998
      objectReference: {fileID: 0}
    - target: {fileID: 3961226396601711087, guid: 2f3fe3388c1564a49ad725f00da1edaf, type: 3}
      propertyPath: m_LocalScale.z
      value: 42.066692
      objectReference: {fileID: 0}
    - target: {fileID: 4445838738465497941, guid: 2f3fe3388c1564a49ad725f00da1edaf, type: 3}
      propertyPath: m_Name
      value: Pipe3 (5)
      objectReference: {fileID: 0}
    m_RemovedComponents:
    - {fileID: 4221139971830646436, guid: 2f3fe3388c1564a49ad725f00da1edaf, type: 3}
    - {fileID: 3434866425179160271, guid: 2f3fe3388c1564a49ad725f00da1edaf, type: 3}
    - {fileID: 3913026467723056418, guid: 2f3fe3388c1564a49ad725f00da1edaf, type: 3}
  m_SourcePrefab: {fileID: 100100000, guid: 2f3fe3388c1564a49ad725f00da1edaf, type: 3}
--- !u!4 &4157217675065809309 stripped
Transform:
  m_CorrespondingSourceObject: {fileID: 3961226396601711087, guid: 2f3fe3388c1564a49ad725f00da1edaf, type: 3}
  m_PrefabInstance: {fileID: 1101267653275525234}
  m_PrefabAsset: {fileID: 0}
--- !u!1001 &1101267653506204727
PrefabInstance:
  m_ObjectHideFlags: 0
  serializedVersion: 2
  m_Modification:
    m_TransformParent: {fileID: 1101267654301286323}
    m_Modifications:
    - target: {fileID: 6640977518403050960, guid: d6510120b2be632468cff2107ba4d55e, type: 3}
      propertyPath: m_LocalPosition.x
      value: -0.06
      objectReference: {fileID: 0}
    - target: {fileID: 6640977518403050960, guid: d6510120b2be632468cff2107ba4d55e, type: 3}
      propertyPath: m_LocalPosition.y
      value: -5.445
      objectReference: {fileID: 0}
    - target: {fileID: 6640977518403050960, guid: d6510120b2be632468cff2107ba4d55e, type: 3}
      propertyPath: m_LocalPosition.z
      value: -0.061
      objectReference: {fileID: 0}
    - target: {fileID: 6640977518403050960, guid: d6510120b2be632468cff2107ba4d55e, type: 3}
      propertyPath: m_LocalRotation.x
      value: -0
      objectReference: {fileID: 0}
    - target: {fileID: 6640977518403050960, guid: d6510120b2be632468cff2107ba4d55e, type: 3}
      propertyPath: m_LocalRotation.y
      value: -0
      objectReference: {fileID: 0}
    - target: {fileID: 6640977518403050960, guid: d6510120b2be632468cff2107ba4d55e, type: 3}
      propertyPath: m_LocalRotation.z
      value: -0
      objectReference: {fileID: 0}
    - target: {fileID: 6640977518403050960, guid: d6510120b2be632468cff2107ba4d55e, type: 3}
      propertyPath: m_LocalRotation.w
      value: 1
      objectReference: {fileID: 0}
    - target: {fileID: 6640977518403050960, guid: d6510120b2be632468cff2107ba4d55e, type: 3}
      propertyPath: m_RootOrder
      value: 2
      objectReference: {fileID: 0}
    - target: {fileID: 6640977518403050960, guid: d6510120b2be632468cff2107ba4d55e, type: 3}
      propertyPath: m_LocalEulerAnglesHint.x
      value: 0
      objectReference: {fileID: 0}
    - target: {fileID: 6640977518403050960, guid: d6510120b2be632468cff2107ba4d55e, type: 3}
      propertyPath: m_LocalEulerAnglesHint.y
      value: 0
      objectReference: {fileID: 0}
    - target: {fileID: 6640977518403050960, guid: d6510120b2be632468cff2107ba4d55e, type: 3}
      propertyPath: m_LocalEulerAnglesHint.z
      value: 0
      objectReference: {fileID: 0}
    - target: {fileID: 6640977518403050960, guid: d6510120b2be632468cff2107ba4d55e, type: 3}
      propertyPath: m_LocalScale.z
      value: 4.0285177
      objectReference: {fileID: 0}
    - target: {fileID: 6640977518403050960, guid: d6510120b2be632468cff2107ba4d55e, type: 3}
      propertyPath: m_LocalScale.x
      value: 4.382518
      objectReference: {fileID: 0}
    - target: {fileID: 6640977518403050960, guid: d6510120b2be632468cff2107ba4d55e, type: 3}
      propertyPath: m_LocalScale.y
      value: 5.261563
      objectReference: {fileID: 0}
    - target: {fileID: 6640977518403050963, guid: d6510120b2be632468cff2107ba4d55e, type: 3}
      propertyPath: m_Name
      value: LevelCube (1)
      objectReference: {fileID: 0}
    m_RemovedComponents: []
  m_SourcePrefab: {fileID: 100100000, guid: d6510120b2be632468cff2107ba4d55e, type: 3}
--- !u!4 &6008084230441621991 stripped
Transform:
  m_CorrespondingSourceObject: {fileID: 6640977518403050960, guid: d6510120b2be632468cff2107ba4d55e, type: 3}
  m_PrefabInstance: {fileID: 1101267653506204727}
  m_PrefabAsset: {fileID: 0}
--- !u!1001 &1101267653801649772
PrefabInstance:
  m_ObjectHideFlags: 0
  serializedVersion: 2
  m_Modification:
    m_TransformParent: {fileID: 1101267654804052023}
    m_Modifications:
    - target: {fileID: 1282128032337860193, guid: 99cf5d1e6d3409042bc094f8d6a599cc, type: 3}
      propertyPath: m_Name
      value: Pipe1 (2)
      objectReference: {fileID: 0}
    - target: {fileID: 1909763786422734043, guid: 99cf5d1e6d3409042bc094f8d6a599cc, type: 3}
      propertyPath: m_LocalPosition.x
      value: -6.7461853
      objectReference: {fileID: 0}
    - target: {fileID: 1909763786422734043, guid: 99cf5d1e6d3409042bc094f8d6a599cc, type: 3}
      propertyPath: m_LocalPosition.y
      value: -13.429488
      objectReference: {fileID: 0}
    - target: {fileID: 1909763786422734043, guid: 99cf5d1e6d3409042bc094f8d6a599cc, type: 3}
      propertyPath: m_LocalPosition.z
      value: 10.361183
      objectReference: {fileID: 0}
    - target: {fileID: 1909763786422734043, guid: 99cf5d1e6d3409042bc094f8d6a599cc, type: 3}
      propertyPath: m_LocalRotation.x
      value: -0.4999993
      objectReference: {fileID: 0}
    - target: {fileID: 1909763786422734043, guid: 99cf5d1e6d3409042bc094f8d6a599cc, type: 3}
      propertyPath: m_LocalRotation.y
      value: 0.5000007
      objectReference: {fileID: 0}
    - target: {fileID: 1909763786422734043, guid: 99cf5d1e6d3409042bc094f8d6a599cc, type: 3}
      propertyPath: m_LocalRotation.z
      value: 0.4999993
      objectReference: {fileID: 0}
    - target: {fileID: 1909763786422734043, guid: 99cf5d1e6d3409042bc094f8d6a599cc, type: 3}
      propertyPath: m_LocalRotation.w
      value: 0.5000007
      objectReference: {fileID: 0}
    - target: {fileID: 1909763786422734043, guid: 99cf5d1e6d3409042bc094f8d6a599cc, type: 3}
      propertyPath: m_RootOrder
      value: 4
      objectReference: {fileID: 0}
    - target: {fileID: 1909763786422734043, guid: 99cf5d1e6d3409042bc094f8d6a599cc, type: 3}
      propertyPath: m_LocalEulerAnglesHint.x
      value: -90
      objectReference: {fileID: 0}
    - target: {fileID: 1909763786422734043, guid: 99cf5d1e6d3409042bc094f8d6a599cc, type: 3}
      propertyPath: m_LocalEulerAnglesHint.y
      value: 0
      objectReference: {fileID: 0}
    - target: {fileID: 1909763786422734043, guid: 99cf5d1e6d3409042bc094f8d6a599cc, type: 3}
      propertyPath: m_LocalEulerAnglesHint.z
      value: 90
      objectReference: {fileID: 0}
    - target: {fileID: 1909763786422734043, guid: 99cf5d1e6d3409042bc094f8d6a599cc, type: 3}
      propertyPath: m_LocalScale.z
      value: 137.37047
      objectReference: {fileID: 0}
    - target: {fileID: 1909763786422734043, guid: 99cf5d1e6d3409042bc094f8d6a599cc, type: 3}
      propertyPath: m_LocalScale.x
      value: 50.882
      objectReference: {fileID: 0}
    - target: {fileID: 1909763786422734043, guid: 99cf5d1e6d3409042bc094f8d6a599cc, type: 3}
      propertyPath: m_LocalScale.y
      value: 50.882
      objectReference: {fileID: 0}
    m_RemovedComponents: []
  m_SourcePrefab: {fileID: 100100000, guid: 99cf5d1e6d3409042bc094f8d6a599cc, type: 3}
--- !u!4 &1569685972064955063 stripped
Transform:
  m_CorrespondingSourceObject: {fileID: 1909763786422734043, guid: 99cf5d1e6d3409042bc094f8d6a599cc, type: 3}
  m_PrefabInstance: {fileID: 1101267653801649772}
  m_PrefabAsset: {fileID: 0}
--- !u!1001 &1101267654091652103
PrefabInstance:
  m_ObjectHideFlags: 0
  serializedVersion: 2
  m_Modification:
    m_TransformParent: {fileID: 1101267654804052023}
    m_Modifications:
    - target: {fileID: 1282128032337860193, guid: 99cf5d1e6d3409042bc094f8d6a599cc, type: 3}
      propertyPath: m_Name
      value: Pipe1
      objectReference: {fileID: 0}
    - target: {fileID: 1909763786422734043, guid: 99cf5d1e6d3409042bc094f8d6a599cc, type: 3}
      propertyPath: m_LocalPosition.x
      value: -6.7461853
      objectReference: {fileID: 0}
    - target: {fileID: 1909763786422734043, guid: 99cf5d1e6d3409042bc094f8d6a599cc, type: 3}
      propertyPath: m_LocalPosition.y
      value: -13.429488
      objectReference: {fileID: 0}
    - target: {fileID: 1909763786422734043, guid: 99cf5d1e6d3409042bc094f8d6a599cc, type: 3}
      propertyPath: m_LocalPosition.z
      value: 6.3611836
      objectReference: {fileID: 0}
    - target: {fileID: 1909763786422734043, guid: 99cf5d1e6d3409042bc094f8d6a599cc, type: 3}
      propertyPath: m_LocalRotation.x
      value: -0.4999993
      objectReference: {fileID: 0}
    - target: {fileID: 1909763786422734043, guid: 99cf5d1e6d3409042bc094f8d6a599cc, type: 3}
      propertyPath: m_LocalRotation.y
      value: 0.5000007
      objectReference: {fileID: 0}
    - target: {fileID: 1909763786422734043, guid: 99cf5d1e6d3409042bc094f8d6a599cc, type: 3}
      propertyPath: m_LocalRotation.z
      value: 0.4999993
      objectReference: {fileID: 0}
    - target: {fileID: 1909763786422734043, guid: 99cf5d1e6d3409042bc094f8d6a599cc, type: 3}
      propertyPath: m_LocalRotation.w
      value: 0.5000007
      objectReference: {fileID: 0}
    - target: {fileID: 1909763786422734043, guid: 99cf5d1e6d3409042bc094f8d6a599cc, type: 3}
      propertyPath: m_RootOrder
      value: 11
      objectReference: {fileID: 0}
    - target: {fileID: 1909763786422734043, guid: 99cf5d1e6d3409042bc094f8d6a599cc, type: 3}
      propertyPath: m_LocalEulerAnglesHint.x
      value: -90
      objectReference: {fileID: 0}
    - target: {fileID: 1909763786422734043, guid: 99cf5d1e6d3409042bc094f8d6a599cc, type: 3}
      propertyPath: m_LocalEulerAnglesHint.y
      value: 0
      objectReference: {fileID: 0}
    - target: {fileID: 1909763786422734043, guid: 99cf5d1e6d3409042bc094f8d6a599cc, type: 3}
      propertyPath: m_LocalEulerAnglesHint.z
      value: 90
      objectReference: {fileID: 0}
    - target: {fileID: 1909763786422734043, guid: 99cf5d1e6d3409042bc094f8d6a599cc, type: 3}
      propertyPath: m_LocalScale.z
      value: 137.37047
      objectReference: {fileID: 0}
    - target: {fileID: 1909763786422734043, guid: 99cf5d1e6d3409042bc094f8d6a599cc, type: 3}
      propertyPath: m_LocalScale.x
      value: 50.882
      objectReference: {fileID: 0}
    - target: {fileID: 1909763786422734043, guid: 99cf5d1e6d3409042bc094f8d6a599cc, type: 3}
      propertyPath: m_LocalScale.y
      value: 50.882
      objectReference: {fileID: 0}
    m_RemovedComponents:
    - {fileID: 2490232113441719302, guid: 99cf5d1e6d3409042bc094f8d6a599cc, type: 3}
  m_SourcePrefab: {fileID: 100100000, guid: 99cf5d1e6d3409042bc094f8d6a599cc, type: 3}
--- !u!4 &1569685971738521820 stripped
Transform:
  m_CorrespondingSourceObject: {fileID: 1909763786422734043, guid: 99cf5d1e6d3409042bc094f8d6a599cc, type: 3}
  m_PrefabInstance: {fileID: 1101267654091652103}
  m_PrefabAsset: {fileID: 0}
--- !u!1001 &1101267654221413608
PrefabInstance:
  m_ObjectHideFlags: 0
  serializedVersion: 2
  m_Modification:
    m_TransformParent: {fileID: 1101267653301948428}
    m_Modifications:
    - target: {fileID: 3961226396601711087, guid: 2f3fe3388c1564a49ad725f00da1edaf, type: 3}
      propertyPath: m_LocalPosition.x
      value: -2.2134624
      objectReference: {fileID: 0}
    - target: {fileID: 3961226396601711087, guid: 2f3fe3388c1564a49ad725f00da1edaf, type: 3}
      propertyPath: m_LocalPosition.y
      value: 0.01444757
      objectReference: {fileID: 0}
    - target: {fileID: 3961226396601711087, guid: 2f3fe3388c1564a49ad725f00da1edaf, type: 3}
      propertyPath: m_LocalPosition.z
      value: 1.9340911
      objectReference: {fileID: 0}
    - target: {fileID: 3961226396601711087, guid: 2f3fe3388c1564a49ad725f00da1edaf, type: 3}
      propertyPath: m_LocalRotation.x
      value: -0.4999993
      objectReference: {fileID: 0}
    - target: {fileID: 3961226396601711087, guid: 2f3fe3388c1564a49ad725f00da1edaf, type: 3}
      propertyPath: m_LocalRotation.y
      value: 0.5000007
      objectReference: {fileID: 0}
    - target: {fileID: 3961226396601711087, guid: 2f3fe3388c1564a49ad725f00da1edaf, type: 3}
      propertyPath: m_LocalRotation.z
      value: 0.4999993
      objectReference: {fileID: 0}
    - target: {fileID: 3961226396601711087, guid: 2f3fe3388c1564a49ad725f00da1edaf, type: 3}
      propertyPath: m_LocalRotation.w
      value: 0.5000007
      objectReference: {fileID: 0}
    - target: {fileID: 3961226396601711087, guid: 2f3fe3388c1564a49ad725f00da1edaf, type: 3}
      propertyPath: m_RootOrder
      value: 3
      objectReference: {fileID: 0}
    - target: {fileID: 3961226396601711087, guid: 2f3fe3388c1564a49ad725f00da1edaf, type: 3}
      propertyPath: m_LocalEulerAnglesHint.x
      value: -90
      objectReference: {fileID: 0}
    - target: {fileID: 3961226396601711087, guid: 2f3fe3388c1564a49ad725f00da1edaf, type: 3}
      propertyPath: m_LocalEulerAnglesHint.y
      value: 0
      objectReference: {fileID: 0}
    - target: {fileID: 3961226396601711087, guid: 2f3fe3388c1564a49ad725f00da1edaf, type: 3}
      propertyPath: m_LocalEulerAnglesHint.z
      value: 90
      objectReference: {fileID: 0}
    - target: {fileID: 3961226396601711087, guid: 2f3fe3388c1564a49ad725f00da1edaf, type: 3}
      propertyPath: m_LocalScale.x
      value: 62.309998
      objectReference: {fileID: 0}
    - target: {fileID: 3961226396601711087, guid: 2f3fe3388c1564a49ad725f00da1edaf, type: 3}
      propertyPath: m_LocalScale.y
      value: 62.309998
      objectReference: {fileID: 0}
    - target: {fileID: 3961226396601711087, guid: 2f3fe3388c1564a49ad725f00da1edaf, type: 3}
      propertyPath: m_LocalScale.z
      value: 42.066692
      objectReference: {fileID: 0}
    - target: {fileID: 4445838738465497941, guid: 2f3fe3388c1564a49ad725f00da1edaf, type: 3}
      propertyPath: m_Name
      value: Pipe3 (8)
      objectReference: {fileID: 0}
    m_RemovedComponents: []
  m_SourcePrefab: {fileID: 100100000, guid: 2f3fe3388c1564a49ad725f00da1edaf, type: 3}
--- !u!4 &4157217676003296519 stripped
Transform:
  m_CorrespondingSourceObject: {fileID: 3961226396601711087, guid: 2f3fe3388c1564a49ad725f00da1edaf, type: 3}
  m_PrefabInstance: {fileID: 1101267654221413608}
  m_PrefabAsset: {fileID: 0}
--- !u!1001 &1101267654226958656
PrefabInstance:
  m_ObjectHideFlags: 0
  serializedVersion: 2
  m_Modification:
    m_TransformParent: {fileID: 1101267653301948428}
    m_Modifications:
    - target: {fileID: 6640977518403050960, guid: d6510120b2be632468cff2107ba4d55e, type: 3}
      propertyPath: m_LocalPosition.x
      value: -0.07112496
      objectReference: {fileID: 0}
    - target: {fileID: 6640977518403050960, guid: d6510120b2be632468cff2107ba4d55e, type: 3}
      propertyPath: m_LocalPosition.y
      value: 0
      objectReference: {fileID: 0}
    - target: {fileID: 6640977518403050960, guid: d6510120b2be632468cff2107ba4d55e, type: 3}
      propertyPath: m_LocalPosition.z
      value: 0
      objectReference: {fileID: 0}
    - target: {fileID: 6640977518403050960, guid: d6510120b2be632468cff2107ba4d55e, type: 3}
      propertyPath: m_LocalRotation.x
      value: -0
      objectReference: {fileID: 0}
    - target: {fileID: 6640977518403050960, guid: d6510120b2be632468cff2107ba4d55e, type: 3}
      propertyPath: m_LocalRotation.y
      value: -0
      objectReference: {fileID: 0}
    - target: {fileID: 6640977518403050960, guid: d6510120b2be632468cff2107ba4d55e, type: 3}
      propertyPath: m_LocalRotation.z
      value: -0
      objectReference: {fileID: 0}
    - target: {fileID: 6640977518403050960, guid: d6510120b2be632468cff2107ba4d55e, type: 3}
      propertyPath: m_LocalRotation.w
      value: 1
      objectReference: {fileID: 0}
    - target: {fileID: 6640977518403050960, guid: d6510120b2be632468cff2107ba4d55e, type: 3}
      propertyPath: m_RootOrder
      value: 0
      objectReference: {fileID: 0}
    - target: {fileID: 6640977518403050960, guid: d6510120b2be632468cff2107ba4d55e, type: 3}
      propertyPath: m_LocalEulerAnglesHint.x
      value: 0
      objectReference: {fileID: 0}
    - target: {fileID: 6640977518403050960, guid: d6510120b2be632468cff2107ba4d55e, type: 3}
      propertyPath: m_LocalEulerAnglesHint.y
      value: 0
      objectReference: {fileID: 0}
    - target: {fileID: 6640977518403050960, guid: d6510120b2be632468cff2107ba4d55e, type: 3}
      propertyPath: m_LocalEulerAnglesHint.z
      value: 0
      objectReference: {fileID: 0}
    - target: {fileID: 6640977518403050960, guid: d6510120b2be632468cff2107ba4d55e, type: 3}
      propertyPath: m_LocalScale.z
      value: 4.2187395
      objectReference: {fileID: 0}
    - target: {fileID: 6640977518403050960, guid: d6510120b2be632468cff2107ba4d55e, type: 3}
      propertyPath: m_LocalScale.x
      value: 2.2040954
      objectReference: {fileID: 0}
    - target: {fileID: 6640977518403050960, guid: d6510120b2be632468cff2107ba4d55e, type: 3}
      propertyPath: m_LocalScale.y
      value: 2.2939413
      objectReference: {fileID: 0}
    - target: {fileID: 6640977518403050963, guid: d6510120b2be632468cff2107ba4d55e, type: 3}
      propertyPath: m_Name
      value: LevelCube
      objectReference: {fileID: 0}
    - target: {fileID: 6640977518403050963, guid: d6510120b2be632468cff2107ba4d55e, type: 3}
      propertyPath: m_TagString
      value: CrushPlayer
      objectReference: {fileID: 0}
    m_RemovedComponents: []
  m_SourcePrefab: {fileID: 100100000, guid: d6510120b2be632468cff2107ba4d55e, type: 3}
--- !u!4 &6008084232001782928 stripped
Transform:
  m_CorrespondingSourceObject: {fileID: 6640977518403050960, guid: d6510120b2be632468cff2107ba4d55e, type: 3}
  m_PrefabInstance: {fileID: 1101267654226958656}
  m_PrefabAsset: {fileID: 0}
--- !u!1001 &1101267654230480644
PrefabInstance:
  m_ObjectHideFlags: 0
  serializedVersion: 2
  m_Modification:
    m_TransformParent: {fileID: 1101267653301948428}
    m_Modifications:
    - target: {fileID: 3961226396601711087, guid: 2f3fe3388c1564a49ad725f00da1edaf, type: 3}
      propertyPath: m_LocalPosition.x
      value: 2.0365376
      objectReference: {fileID: 0}
    - target: {fileID: 3961226396601711087, guid: 2f3fe3388c1564a49ad725f00da1edaf, type: 3}
      propertyPath: m_LocalPosition.y
      value: 0.01444757
      objectReference: {fileID: 0}
    - target: {fileID: 3961226396601711087, guid: 2f3fe3388c1564a49ad725f00da1edaf, type: 3}
      propertyPath: m_LocalPosition.z
      value: 1.9340911
      objectReference: {fileID: 0}
    - target: {fileID: 3961226396601711087, guid: 2f3fe3388c1564a49ad725f00da1edaf, type: 3}
      propertyPath: m_LocalRotation.x
      value: -0.4999993
      objectReference: {fileID: 0}
    - target: {fileID: 3961226396601711087, guid: 2f3fe3388c1564a49ad725f00da1edaf, type: 3}
      propertyPath: m_LocalRotation.y
      value: 0.5000007
      objectReference: {fileID: 0}
    - target: {fileID: 3961226396601711087, guid: 2f3fe3388c1564a49ad725f00da1edaf, type: 3}
      propertyPath: m_LocalRotation.z
      value: 0.4999993
      objectReference: {fileID: 0}
    - target: {fileID: 3961226396601711087, guid: 2f3fe3388c1564a49ad725f00da1edaf, type: 3}
      propertyPath: m_LocalRotation.w
      value: 0.5000007
      objectReference: {fileID: 0}
    - target: {fileID: 3961226396601711087, guid: 2f3fe3388c1564a49ad725f00da1edaf, type: 3}
      propertyPath: m_RootOrder
      value: 4
      objectReference: {fileID: 0}
    - target: {fileID: 3961226396601711087, guid: 2f3fe3388c1564a49ad725f00da1edaf, type: 3}
      propertyPath: m_LocalEulerAnglesHint.x
      value: -90
      objectReference: {fileID: 0}
    - target: {fileID: 3961226396601711087, guid: 2f3fe3388c1564a49ad725f00da1edaf, type: 3}
      propertyPath: m_LocalEulerAnglesHint.y
      value: 0
      objectReference: {fileID: 0}
    - target: {fileID: 3961226396601711087, guid: 2f3fe3388c1564a49ad725f00da1edaf, type: 3}
      propertyPath: m_LocalEulerAnglesHint.z
      value: 90
      objectReference: {fileID: 0}
    - target: {fileID: 3961226396601711087, guid: 2f3fe3388c1564a49ad725f00da1edaf, type: 3}
      propertyPath: m_LocalScale.x
      value: 62.309998
      objectReference: {fileID: 0}
    - target: {fileID: 3961226396601711087, guid: 2f3fe3388c1564a49ad725f00da1edaf, type: 3}
      propertyPath: m_LocalScale.y
      value: 62.309998
      objectReference: {fileID: 0}
    - target: {fileID: 3961226396601711087, guid: 2f3fe3388c1564a49ad725f00da1edaf, type: 3}
      propertyPath: m_LocalScale.z
      value: 42.066692
      objectReference: {fileID: 0}
    - target: {fileID: 4445838738465497941, guid: 2f3fe3388c1564a49ad725f00da1edaf, type: 3}
      propertyPath: m_Name
      value: Pipe3 (11)
      objectReference: {fileID: 0}
    m_RemovedComponents: []
  m_SourcePrefab: {fileID: 100100000, guid: 2f3fe3388c1564a49ad725f00da1edaf, type: 3}
--- !u!4 &4157217676022869739 stripped
Transform:
  m_CorrespondingSourceObject: {fileID: 3961226396601711087, guid: 2f3fe3388c1564a49ad725f00da1edaf, type: 3}
  m_PrefabInstance: {fileID: 1101267654230480644}
  m_PrefabAsset: {fileID: 0}
--- !u!1001 &1101267654433198213
PrefabInstance:
  m_ObjectHideFlags: 0
  serializedVersion: 2
  m_Modification:
    m_TransformParent: {fileID: 1101267653301948428}
    m_Modifications:
    - target: {fileID: 3961226396601711087, guid: 2f3fe3388c1564a49ad725f00da1edaf, type: 3}
      propertyPath: m_LocalPosition.x
      value: -2.213447
      objectReference: {fileID: 0}
    - target: {fileID: 3961226396601711087, guid: 2f3fe3388c1564a49ad725f00da1edaf, type: 3}
      propertyPath: m_LocalPosition.y
      value: 0.014447689
      objectReference: {fileID: 0}
    - target: {fileID: 3961226396601711087, guid: 2f3fe3388c1564a49ad725f00da1edaf, type: 3}
      propertyPath: m_LocalPosition.z
      value: -2.0659125
      objectReference: {fileID: 0}
    - target: {fileID: 3961226396601711087, guid: 2f3fe3388c1564a49ad725f00da1edaf, type: 3}
      propertyPath: m_LocalRotation.x
      value: -0.4999993
      objectReference: {fileID: 0}
    - target: {fileID: 3961226396601711087, guid: 2f3fe3388c1564a49ad725f00da1edaf, type: 3}
      propertyPath: m_LocalRotation.y
      value: 0.5000007
      objectReference: {fileID: 0}
    - target: {fileID: 3961226396601711087, guid: 2f3fe3388c1564a49ad725f00da1edaf, type: 3}
      propertyPath: m_LocalRotation.z
      value: 0.4999993
      objectReference: {fileID: 0}
    - target: {fileID: 3961226396601711087, guid: 2f3fe3388c1564a49ad725f00da1edaf, type: 3}
      propertyPath: m_LocalRotation.w
      value: 0.5000007
      objectReference: {fileID: 0}
    - target: {fileID: 3961226396601711087, guid: 2f3fe3388c1564a49ad725f00da1edaf, type: 3}
      propertyPath: m_RootOrder
      value: 1
      objectReference: {fileID: 0}
    - target: {fileID: 3961226396601711087, guid: 2f3fe3388c1564a49ad725f00da1edaf, type: 3}
      propertyPath: m_LocalEulerAnglesHint.x
      value: -90
      objectReference: {fileID: 0}
    - target: {fileID: 3961226396601711087, guid: 2f3fe3388c1564a49ad725f00da1edaf, type: 3}
      propertyPath: m_LocalEulerAnglesHint.y
      value: 0
      objectReference: {fileID: 0}
    - target: {fileID: 3961226396601711087, guid: 2f3fe3388c1564a49ad725f00da1edaf, type: 3}
      propertyPath: m_LocalEulerAnglesHint.z
      value: 90
      objectReference: {fileID: 0}
    - target: {fileID: 3961226396601711087, guid: 2f3fe3388c1564a49ad725f00da1edaf, type: 3}
      propertyPath: m_LocalScale.x
      value: 62.309998
      objectReference: {fileID: 0}
    - target: {fileID: 3961226396601711087, guid: 2f3fe3388c1564a49ad725f00da1edaf, type: 3}
      propertyPath: m_LocalScale.y
      value: 62.309998
      objectReference: {fileID: 0}
    - target: {fileID: 3961226396601711087, guid: 2f3fe3388c1564a49ad725f00da1edaf, type: 3}
      propertyPath: m_LocalScale.z
      value: 42.066692
      objectReference: {fileID: 0}
    - target: {fileID: 4445838738465497941, guid: 2f3fe3388c1564a49ad725f00da1edaf, type: 3}
      propertyPath: m_Name
      value: Pipe3 (2)
      objectReference: {fileID: 0}
    m_RemovedComponents:
    - {fileID: 4221139971830646436, guid: 2f3fe3388c1564a49ad725f00da1edaf, type: 3}
    - {fileID: 3434866425179160271, guid: 2f3fe3388c1564a49ad725f00da1edaf, type: 3}
    - {fileID: 3913026467723056418, guid: 2f3fe3388c1564a49ad725f00da1edaf, type: 3}
  m_SourcePrefab: {fileID: 100100000, guid: 2f3fe3388c1564a49ad725f00da1edaf, type: 3}
--- !u!4 &4157217675820804458 stripped
Transform:
  m_CorrespondingSourceObject: {fileID: 3961226396601711087, guid: 2f3fe3388c1564a49ad725f00da1edaf, type: 3}
  m_PrefabInstance: {fileID: 1101267654433198213}
  m_PrefabAsset: {fileID: 0}
--- !u!1001 &1101267654818227498
PrefabInstance:
  m_ObjectHideFlags: 0
  serializedVersion: 2
  m_Modification:
    m_TransformParent: {fileID: 1101267654804052023}
    m_Modifications:
    - target: {fileID: 1282128032337860193, guid: 99cf5d1e6d3409042bc094f8d6a599cc, type: 3}
      propertyPath: m_Name
      value: Pipe1 (1)
      objectReference: {fileID: 0}
    - target: {fileID: 1909763786422734043, guid: 99cf5d1e6d3409042bc094f8d6a599cc, type: 3}
      propertyPath: m_LocalPosition.x
      value: -2.4961853
      objectReference: {fileID: 0}
    - target: {fileID: 1909763786422734043, guid: 99cf5d1e6d3409042bc094f8d6a599cc, type: 3}
      propertyPath: m_LocalPosition.y
      value: -13.429488
      objectReference: {fileID: 0}
    - target: {fileID: 1909763786422734043, guid: 99cf5d1e6d3409042bc094f8d6a599cc, type: 3}
      propertyPath: m_LocalPosition.z
      value: 6.3611836
      objectReference: {fileID: 0}
    - target: {fileID: 1909763786422734043, guid: 99cf5d1e6d3409042bc094f8d6a599cc, type: 3}
      propertyPath: m_LocalRotation.x
      value: -0.4999993
      objectReference: {fileID: 0}
    - target: {fileID: 1909763786422734043, guid: 99cf5d1e6d3409042bc094f8d6a599cc, type: 3}
      propertyPath: m_LocalRotation.y
      value: 0.5000007
      objectReference: {fileID: 0}
    - target: {fileID: 1909763786422734043, guid: 99cf5d1e6d3409042bc094f8d6a599cc, type: 3}
      propertyPath: m_LocalRotation.z
      value: 0.4999993
      objectReference: {fileID: 0}
    - target: {fileID: 1909763786422734043, guid: 99cf5d1e6d3409042bc094f8d6a599cc, type: 3}
      propertyPath: m_LocalRotation.w
      value: 0.5000007
      objectReference: {fileID: 0}
    - target: {fileID: 1909763786422734043, guid: 99cf5d1e6d3409042bc094f8d6a599cc, type: 3}
      propertyPath: m_RootOrder
      value: 1
      objectReference: {fileID: 0}
    - target: {fileID: 1909763786422734043, guid: 99cf5d1e6d3409042bc094f8d6a599cc, type: 3}
      propertyPath: m_LocalEulerAnglesHint.x
      value: -90
      objectReference: {fileID: 0}
    - target: {fileID: 1909763786422734043, guid: 99cf5d1e6d3409042bc094f8d6a599cc, type: 3}
      propertyPath: m_LocalEulerAnglesHint.y
      value: 0
      objectReference: {fileID: 0}
    - target: {fileID: 1909763786422734043, guid: 99cf5d1e6d3409042bc094f8d6a599cc, type: 3}
      propertyPath: m_LocalEulerAnglesHint.z
      value: 90
      objectReference: {fileID: 0}
    - target: {fileID: 1909763786422734043, guid: 99cf5d1e6d3409042bc094f8d6a599cc, type: 3}
      propertyPath: m_LocalScale.z
      value: 137.37047
      objectReference: {fileID: 0}
    - target: {fileID: 1909763786422734043, guid: 99cf5d1e6d3409042bc094f8d6a599cc, type: 3}
      propertyPath: m_LocalScale.x
      value: 50.882
      objectReference: {fileID: 0}
    - target: {fileID: 1909763786422734043, guid: 99cf5d1e6d3409042bc094f8d6a599cc, type: 3}
      propertyPath: m_LocalScale.y
      value: 50.882
      objectReference: {fileID: 0}
    m_RemovedComponents:
    - {fileID: 2490232113441719302, guid: 99cf5d1e6d3409042bc094f8d6a599cc, type: 3}
  m_SourcePrefab: {fileID: 100100000, guid: 99cf5d1e6d3409042bc094f8d6a599cc, type: 3}
--- !u!4 &1569685973152868849 stripped
Transform:
  m_CorrespondingSourceObject: {fileID: 1909763786422734043, guid: 99cf5d1e6d3409042bc094f8d6a599cc, type: 3}
  m_PrefabInstance: {fileID: 1101267654818227498}
  m_PrefabAsset: {fileID: 0}
--- !u!1001 &3843561241052260324
PrefabInstance:
  m_ObjectHideFlags: 0
  serializedVersion: 2
  m_Modification:
    m_TransformParent: {fileID: 1101267653301948428}
    m_Modifications:
    - target: {fileID: 6640977518403050960, guid: d6510120b2be632468cff2107ba4d55e, type: 3}
      propertyPath: m_LocalPosition.x
      value: 0
      objectReference: {fileID: 0}
    - target: {fileID: 6640977518403050960, guid: d6510120b2be632468cff2107ba4d55e, type: 3}
      propertyPath: m_LocalPosition.y
      value: 0.78237474
      objectReference: {fileID: 0}
    - target: {fileID: 6640977518403050960, guid: d6510120b2be632468cff2107ba4d55e, type: 3}
      propertyPath: m_LocalPosition.z
      value: 0
      objectReference: {fileID: 0}
    - target: {fileID: 6640977518403050960, guid: d6510120b2be632468cff2107ba4d55e, type: 3}
      propertyPath: m_LocalRotation.x
      value: -0
      objectReference: {fileID: 0}
    - target: {fileID: 6640977518403050960, guid: d6510120b2be632468cff2107ba4d55e, type: 3}
      propertyPath: m_LocalRotation.y
      value: -0
      objectReference: {fileID: 0}
    - target: {fileID: 6640977518403050960, guid: d6510120b2be632468cff2107ba4d55e, type: 3}
      propertyPath: m_LocalRotation.z
      value: -0
      objectReference: {fileID: 0}
    - target: {fileID: 6640977518403050960, guid: d6510120b2be632468cff2107ba4d55e, type: 3}
      propertyPath: m_LocalRotation.w
      value: 1
      objectReference: {fileID: 0}
    - target: {fileID: 6640977518403050960, guid: d6510120b2be632468cff2107ba4d55e, type: 3}
      propertyPath: m_RootOrder
      value: 6
      objectReference: {fileID: 0}
    - target: {fileID: 6640977518403050960, guid: d6510120b2be632468cff2107ba4d55e, type: 3}
      propertyPath: m_LocalEulerAnglesHint.x
      value: 0
      objectReference: {fileID: 0}
    - target: {fileID: 6640977518403050960, guid: d6510120b2be632468cff2107ba4d55e, type: 3}
      propertyPath: m_LocalEulerAnglesHint.y
      value: 0
      objectReference: {fileID: 0}
    - target: {fileID: 6640977518403050960, guid: d6510120b2be632468cff2107ba4d55e, type: 3}
      propertyPath: m_LocalEulerAnglesHint.z
      value: 0
      objectReference: {fileID: 0}
    - target: {fileID: 6640977518403050960, guid: d6510120b2be632468cff2107ba4d55e, type: 3}
      propertyPath: m_LocalScale.z
      value: 4.2187395
      objectReference: {fileID: 0}
    - target: {fileID: 6640977518403050960, guid: d6510120b2be632468cff2107ba4d55e, type: 3}
      propertyPath: m_LocalScale.x
      value: 4.6180773
      objectReference: {fileID: 0}
    - target: {fileID: 6640977518403050960, guid: d6510120b2be632468cff2107ba4d55e, type: 3}
      propertyPath: m_LocalScale.y
      value: 0.83515596
      objectReference: {fileID: 0}
    - target: {fileID: 6640977518403050963, guid: d6510120b2be632468cff2107ba4d55e, type: 3}
      propertyPath: m_Name
      value: LevelCube (2)
      objectReference: {fileID: 0}
    - target: {fileID: 6640977518403050963, guid: d6510120b2be632468cff2107ba4d55e, type: 3}
      propertyPath: m_TagString
      value: Untagged
      objectReference: {fileID: 0}
    m_RemovedComponents: []
  m_SourcePrefab: {fileID: 100100000, guid: d6510120b2be632468cff2107ba4d55e, type: 3}
--- !u!4 &7601635591991982644 stripped
Transform:
  m_CorrespondingSourceObject: {fileID: 6640977518403050960, guid: d6510120b2be632468cff2107ba4d55e, type: 3}
  m_PrefabInstance: {fileID: 3843561241052260324}
  m_PrefabAsset: {fileID: 0}
--- !u!1001 &7491102437698033613
PrefabInstance:
  m_ObjectHideFlags: 0
  serializedVersion: 2
  m_Modification:
    m_TransformParent: {fileID: 1101267653301948428}
    m_Modifications:
    - target: {fileID: 6640977518403050960, guid: d6510120b2be632468cff2107ba4d55e, type: 3}
      propertyPath: m_LocalPosition.x
      value: 0
      objectReference: {fileID: 0}
    - target: {fileID: 6640977518403050960, guid: d6510120b2be632468cff2107ba4d55e, type: 3}
      propertyPath: m_LocalPosition.y
      value: -0.118
      objectReference: {fileID: 0}
    - target: {fileID: 6640977518403050960, guid: d6510120b2be632468cff2107ba4d55e, type: 3}
      propertyPath: m_LocalPosition.z
      value: 0
      objectReference: {fileID: 0}
    - target: {fileID: 6640977518403050960, guid: d6510120b2be632468cff2107ba4d55e, type: 3}
      propertyPath: m_LocalRotation.x
      value: -0
      objectReference: {fileID: 0}
    - target: {fileID: 6640977518403050960, guid: d6510120b2be632468cff2107ba4d55e, type: 3}
      propertyPath: m_LocalRotation.y
      value: -0
      objectReference: {fileID: 0}
    - target: {fileID: 6640977518403050960, guid: d6510120b2be632468cff2107ba4d55e, type: 3}
      propertyPath: m_LocalRotation.z
      value: -0
      objectReference: {fileID: 0}
    - target: {fileID: 6640977518403050960, guid: d6510120b2be632468cff2107ba4d55e, type: 3}
      propertyPath: m_LocalRotation.w
      value: 1
      objectReference: {fileID: 0}
    - target: {fileID: 6640977518403050960, guid: d6510120b2be632468cff2107ba4d55e, type: 3}
      propertyPath: m_RootOrder
      value: 5
      objectReference: {fileID: 0}
    - target: {fileID: 6640977518403050960, guid: d6510120b2be632468cff2107ba4d55e, type: 3}
      propertyPath: m_LocalEulerAnglesHint.x
      value: 0
      objectReference: {fileID: 0}
    - target: {fileID: 6640977518403050960, guid: d6510120b2be632468cff2107ba4d55e, type: 3}
      propertyPath: m_LocalEulerAnglesHint.y
      value: 0
      objectReference: {fileID: 0}
    - target: {fileID: 6640977518403050960, guid: d6510120b2be632468cff2107ba4d55e, type: 3}
      propertyPath: m_LocalEulerAnglesHint.z
      value: 0
      objectReference: {fileID: 0}
    - target: {fileID: 6640977518403050960, guid: d6510120b2be632468cff2107ba4d55e, type: 3}
      propertyPath: m_LocalScale.z
      value: 1.3363507
      objectReference: {fileID: 0}
    - target: {fileID: 6640977518403050960, guid: d6510120b2be632468cff2107ba4d55e, type: 3}
      propertyPath: m_LocalScale.x
      value: 4.601973
      objectReference: {fileID: 0}
    - target: {fileID: 6640977518403050960, guid: d6510120b2be632468cff2107ba4d55e, type: 3}
      propertyPath: m_LocalScale.y
      value: 2.0660367
      objectReference: {fileID: 0}
    - target: {fileID: 6640977518403050963, guid: d6510120b2be632468cff2107ba4d55e, type: 3}
      propertyPath: m_Name
      value: LevelCube (1)
      objectReference: {fileID: 0}
    - target: {fileID: 6640977518403050963, guid: d6510120b2be632468cff2107ba4d55e, type: 3}
      propertyPath: m_TagString
      value: Untagged
      objectReference: {fileID: 0}
    m_RemovedComponents: []
  m_SourcePrefab: {fileID: 100100000, guid: d6510120b2be632468cff2107ba4d55e, type: 3}
--- !u!4 &4313533804616157725 stripped
Transform:
  m_CorrespondingSourceObject: {fileID: 6640977518403050960, guid: d6510120b2be632468cff2107ba4d55e, type: 3}
  m_PrefabInstance: {fileID: 7491102437698033613}
  m_PrefabAsset: {fileID: 0}
