%YAML 1.1
%TAG !u! tag:unity3d.com,2011:
--- !u!245 &-6309732117872404277
AudioMixerSnapshotController:
  m_ObjectHideFlags: 0
  m_CorrespondingSourceObject: {fileID: 0}
  m_PrefabInstance: {fileID: 0}
  m_PrefabAsset: {fileID: 0}
  m_Name: Off
  m_AudioMixer: {fileID: 24100000}
  m_SnapshotID: 8ef0f1b4c781e2a4fa900938b57986ee
  m_FloatValues:
    05ecce5386c565d4b90d28b97745ab42: -80
    3d07b3b6f793ef94f9eb96710a5102a6: -10.345207
  m_TransitionOverrides: {}
--- !u!243 &-4771418594546131072
AudioMixerGroupController:
  m_ObjectHideFlags: 0
  m_CorrespondingSourceObject: {fileID: 0}
  m_PrefabInstance: {fileID: 0}
  m_PrefabAsset: {fileID: 0}
  m_Name: UI
  m_AudioMixer: {fileID: 24100000}
  m_GroupID: 28e8844c70ee889428e129d21b22b870
  m_Children: []
  m_Volume: e92a66e10ea6c6a418d02703726571e7
  m_Pitch: b206639db24fd2645a3b815a0ac8695f
  m_Send: 00000000000000000000000000000000
  m_Effects:
  - {fileID: -1711966538724327370}
  m_UserColorIndex: 0
  m_Mute: 0
  m_Solo: 0
  m_BypassEffects: 0
--- !u!243 &-3617740756990289895
AudioMixerGroupController:
  m_ObjectHideFlags: 0
  m_CorrespondingSourceObject: {fileID: 0}
  m_PrefabInstance: {fileID: 0}
  m_PrefabAsset: {fileID: 0}
  m_Name: AtmoSound
  m_AudioMixer: {fileID: 24100000}
  m_GroupID: 6322486c662b4e64bad3769f388d9fef
  m_Children: []
  m_Volume: 05ecce5386c565d4b90d28b97745ab42
  m_Pitch: 4f0f6ba6ca25a37419d471011701ef38
  m_Send: 00000000000000000000000000000000
  m_Effects:
  - {fileID: 2302815461350446359}
  m_UserColorIndex: 0
  m_Mute: 0
  m_Solo: 0
  m_BypassEffects: 0
--- !u!244 &-2131060868701545268
AudioMixerEffectController:
  m_ObjectHideFlags: 3
  m_CorrespondingSourceObject: {fileID: 0}
  m_PrefabInstance: {fileID: 0}
  m_PrefabAsset: {fileID: 0}
  m_Name: 
  m_EffectID: 11d5a5afd4a1ab64096bffa38dd4fc95
  m_EffectName: Attenuation
  m_MixLevel: 31687afc7e4835348b7ad8f4778c5e2c
  m_Parameters: []
  m_SendTarget: {fileID: 0}
  m_EnableWetMix: 0
  m_Bypass: 0
--- !u!244 &-2129016541297897007
AudioMixerEffectController:
  m_ObjectHideFlags: 3
  m_CorrespondingSourceObject: {fileID: 0}
  m_PrefabInstance: {fileID: 0}
  m_PrefabAsset: {fileID: 0}
  m_Name: 
  m_EffectID: 884a19289dc72664c954f0a4fdfb8ee7
  m_EffectName: Attenuation
  m_MixLevel: b288330f36b12ac49821aca75a4aa250
  m_Parameters: []
  m_SendTarget: {fileID: 0}
  m_EnableWetMix: 0
  m_Bypass: 0
--- !u!244 &-1711966538724327370
AudioMixerEffectController:
  m_ObjectHideFlags: 3
  m_CorrespondingSourceObject: {fileID: 0}
  m_PrefabInstance: {fileID: 0}
  m_PrefabAsset: {fileID: 0}
  m_Name: 
  m_EffectID: 170dd2268d3b4b446a7ec6fb8bd3853c
  m_EffectName: Attenuation
  m_MixLevel: e51254658e268ef44adab1539ec8770a
  m_Parameters: []
  m_SendTarget: {fileID: 0}
  m_EnableWetMix: 0
  m_Bypass: 0
--- !u!244 &-548208723127902047
AudioMixerEffectController:
  m_ObjectHideFlags: 3
  m_CorrespondingSourceObject: {fileID: 0}
  m_PrefabInstance: {fileID: 0}
  m_PrefabAsset: {fileID: 0}
  m_Name: 
  m_EffectID: 340e8941073fa894e9de42f3d72c9540
  m_EffectName: Attenuation
  m_MixLevel: fa9d08517857afd40b30a21fb04fcd60
  m_Parameters: []
  m_SendTarget: {fileID: 0}
  m_EnableWetMix: 0
  m_Bypass: 0
--- !u!243 &-96601173987851120
AudioMixerGroupController:
  m_ObjectHideFlags: 0
  m_CorrespondingSourceObject: {fileID: 0}
  m_PrefabInstance: {fileID: 0}
  m_PrefabAsset: {fileID: 0}
  m_Name: FeedbackSound
  m_AudioMixer: {fileID: 24100000}
  m_GroupID: 559d14649ed745141acd966a12b2fe9b
  m_Children:
  - {fileID: 6308794615302576987}
  m_Volume: dbd39721a306d3d40b755123586c84e2
  m_Pitch: db3195efdba044742b3d72c4c8608c66
  m_Send: 00000000000000000000000000000000
  m_Effects:
  - {fileID: -2129016541297897007}
  m_UserColorIndex: 0
  m_Mute: 0
  m_Solo: 0
  m_BypassEffects: 0
--- !u!241 &24100000
AudioMixerController:
  m_ObjectHideFlags: 0
  m_CorrespondingSourceObject: {fileID: 0}
  m_PrefabInstance: {fileID: 0}
  m_PrefabAsset: {fileID: 0}
  m_Name: AudioMixer
  m_OutputGroup: {fileID: 0}
  m_MasterGroup: {fileID: 24300002}
  m_Snapshots:
  - {fileID: 24500006}
  - {fileID: -6309732117872404277}
  m_StartSnapshot: {fileID: 24500006}
  m_SuspendThreshold: -80
  m_EnableSuspend: 1
  m_UpdateMode: 0
  m_ExposedParameters:
  - guid: 05ecce5386c565d4b90d28b97745ab42
    name: MusicVol
  - guid: dbd39721a306d3d40b755123586c84e2
    name: SoundVol
  - guid: 3d07b3b6f793ef94f9eb96710a5102a6
    name: VoiceVol
  m_AudioMixerGroupViews:
  - guids:
    - b2a67bf039cff174885d07ac3de8b7b5
    - 7c45fee0e5696fd4189fe1bdeff5daa7
    - 6322486c662b4e64bad3769f388d9fef
    - 559d14649ed745141acd966a12b2fe9b
    - 28e8844c70ee889428e129d21b22b870
    name: View
  m_CurrentViewIndex: 0
  m_TargetSnapshot: {fileID: 24500006}
--- !u!243 &24300002
AudioMixerGroupController:
  m_ObjectHideFlags: 0
  m_CorrespondingSourceObject: {fileID: 0}
  m_PrefabInstance: {fileID: 0}
  m_PrefabAsset: {fileID: 0}
  m_Name: Master
  m_AudioMixer: {fileID: 24100000}
  m_GroupID: b2a67bf039cff174885d07ac3de8b7b5
  m_Children:
  - {fileID: 1554788766506545537}
  - {fileID: -3617740756990289895}
  - {fileID: -96601173987851120}
  - {fileID: -4771418594546131072}
  m_Volume: 7c8740dcbdee8bf489ff443be29b57b0
  m_Pitch: c4fd0d74e31a7d74ebccbc4f39bb871a
  m_Send: 00000000000000000000000000000000
  m_Effects:
  - {fileID: 24400004}
  m_UserColorIndex: 0
  m_Mute: 0
  m_Solo: 0
  m_BypassEffects: 0
--- !u!244 &24400004
AudioMixerEffectController:
  m_ObjectHideFlags: 3
  m_CorrespondingSourceObject: {fileID: 0}
  m_PrefabInstance: {fileID: 0}
  m_PrefabAsset: {fileID: 0}
  m_Name: 
  m_EffectID: 66526fa3ea5832b499f374ae053464ad
  m_EffectName: Attenuation
  m_MixLevel: 1b0fcdf5889483749aaf2dde0e4a459e
  m_Parameters: []
  m_SendTarget: {fileID: 0}
  m_EnableWetMix: 0
  m_Bypass: 0
--- !u!245 &24500006
AudioMixerSnapshotController:
  m_ObjectHideFlags: 0
  m_CorrespondingSourceObject: {fileID: 0}
  m_PrefabInstance: {fileID: 0}
  m_PrefabAsset: {fileID: 0}
  m_Name: On
  m_AudioMixer: {fileID: 24100000}
  m_SnapshotID: 93d32b5053ada494d894a09dbb7f101c
  m_FloatValues:
    dbd39721a306d3d40b755123586c84e2: 0.025578512
    e92a66e10ea6c6a418d02703726571e7: -18.592384
    05ecce5386c565d4b90d28b97745ab42: 0.3945702
    55fa9be57cf6b484a882ab4f70354a30: -21
    3d07b3b6f793ef94f9eb96710a5102a6: -12
    7c8740dcbdee8bf489ff443be29b57b0: 0.10800299
  m_TransitionOverrides:
    05ecce5386c565d4b90d28b97745ab42: 2
--- !u!243 &1554788766506545537
AudioMixerGroupController:
  m_ObjectHideFlags: 0
  m_CorrespondingSourceObject: {fileID: 0}
  m_PrefabInstance: {fileID: 0}
  m_PrefabAsset: {fileID: 0}
  m_Name: VoiceOver
  m_AudioMixer: {fileID: 24100000}
  m_GroupID: 7c45fee0e5696fd4189fe1bdeff5daa7
  m_Children: []
  m_Volume: 3d07b3b6f793ef94f9eb96710a5102a6
  m_Pitch: 8018814ef9af0754eb0ebe8e59b88c57
  m_Send: 00000000000000000000000000000000
  m_Effects:
  - {fileID: -548208723127902047}
  m_UserColorIndex: 0
  m_Mute: 0
  m_Solo: 0
  m_BypassEffects: 0
--- !u!244 &2302815461350446359
AudioMixerEffectController:
  m_ObjectHideFlags: 3
  m_CorrespondingSourceObject: {fileID: 0}
  m_PrefabInstance: {fileID: 0}
  m_PrefabAsset: {fileID: 0}
  m_Name: 
  m_EffectID: cecec88b267c6bd43a65f3f8d3a0ad5a
  m_EffectName: Attenuation
  m_MixLevel: cae6040a131406748bc3104f3d27b47c
  m_Parameters: []
  m_SendTarget: {fileID: 0}
  m_EnableWetMix: 0
  m_Bypass: 0
--- !u!243 &6308794615302576987
AudioMixerGroupController:
  m_ObjectHideFlags: 0
  m_CorrespondingSourceObject: {fileID: 0}
  m_PrefabInstance: {fileID: 0}
  m_PrefabAsset: {fileID: 0}
  m_Name: PlayerSounds
  m_AudioMixer: {fileID: 24100000}
  m_GroupID: 145f2b8086294f948a53c694b46a2430
  m_Children: []
  m_Volume: 55fa9be57cf6b484a882ab4f70354a30
  m_Pitch: 26c61af0d67ed6e4ab492628693167a4
  m_Send: 00000000000000000000000000000000
  m_Effects:
  - {fileID: -2131060868701545268}
  m_UserColorIndex: 0
  m_Mute: 0
  m_Solo: 0
  m_BypassEffects: 0
